2992 5592
270 797 329 856 188
498 809 634 853 roassrs
650 808 928 853 saunsnaaransrs
1074 791 1157 871 [tra.
1173 811 1213 856 rr.

266 961 411 1046 literque,
423 958 456 1021 id
471 970 517 1021 est
530 958 651 1043 absque
666 957 751 1020 omni
766 979 883 1033 errore,
898 958 1071 1022 examinat.
1111 961 1213 1035 Hanc,

267 1062 333 1125 sive
353 1058 549 1144 sapientiam,
570 1059 635 1122 sive
656 1059 806 1122 virtutem
829 1058 890 1121 Dei
910 1059 1032 1130 dixero,
1055 1073 1087 1123 et
1111 1083 1213 1123 rerum

266 1160 408 1223 omnium
428 1159 656 1223 firmitudinem
678 1182 755 1235 esse,
777 1158 990 1245 proculdubio
1012 1184 1075 1224 uon
1096 1166 1215 1226 errabo.

267 1263 368 1325 Penes
382 1260 462 1323 hanc
477 1261 618 1324 omnium
636 1282 740 1323 rernm
758 1273 884 1334 natura,
897 1263 1216 1346 processus,finisque

269 1362 423 1426 subsistit.
473 1363 601 1447 Quippe
629 1361 697 1424 baec
727 1374 775 1424 est
807 1361 951 1446 Sphaera,
976 1386 1072 1448 quam
1097 1364 1218 1449 poetico

269 1463 422 1546 figmento
435 1462 617 1525 Martianus
631 1460 833 1539 obnubilans,
844 1484 883 1524 ex
896 1461 1045 1525 omnibus
1059 1462 1218 1526 elementis

269 1560 348 1625 dicit
362 1584 430 1626 esse
452 1575 660 1647 compactam,
678 1574 713 1626 ut
732 1559 812 1622 nibil
834 1561 928 1636 absit,
944 1561 1032 1646 quod
1048 1562 1090 1625 ab
1112 1562 1217 1648 aliqua

270 1674 384 1727 natura
408 1662 558 1725 credatur
581 1660 743 1724 contineri.
792 1659 862 1723 lllic
886 1661 1003 1723 coelum
1030 1684 1134 1742 omne,
1156 1685 1217 1737 aer,

269 1764 364 1838 freta,
394 1762 625 1845 diversitasque
662 1760 795 1836 telluris,
824 1760 1028 1847 claustraque
1056 1766 1217 1837 Tartarea,

272 1866 377 1940 urbeS,
401 1866 551 1950 compita,
567 1887 638 1927 cum
662 1864 786 1926 actibus
808 1864 1010 1950 fortunisque
1032 1866 1111 1942 suis,
1128 1889 1219 1929 cunc·

271 1982 441 2051 torumque
471 1965 589 2050 species
620 1988 738 2041 rerum,
766 1979 829 2028 tam
857 1966 889 2028 in
916 1966 1027 2052 specie,
1057 1989 1154 2050 quarn
1186 1968 1216 2029 in

270 2088 385 2150 genere
416 2064 630 2129 numerandae.
682 2066 763 2141 Quae
793 2065 922 2150 quidem
953 2065 1085 2150 spbaera,
1110 2067 1216 2151 imago

270 2164 418 2250 quaedam
444 2164 625 2239 videbatur,
652 2163 788 2251 ideaque
813 2165 933 2229 mundi.
992 2166 1084 2230 Plato
1110 2182 1217 2231 autem

270 2266 477 2351 quaestionem
503 2264 638 2343 inducit,
664 2289 728 2330 unn
758 2267 798 2331 sit
823 2266 908 2343 idea,
934 2289 972 2330 an
1004 2267 1121 2355 plures.
1175 2274 1218 2335 Et

270 2369 413 2454 profecto
435 2370 460 2433 si
484 2369 696 2433 substantiam
724 2371 877 2449 scientiae,
902 2384 959 2435 aut
983 2371 1125 2447 rationis,
1151 2374 1220 2460 quis

269 2469 425 2546 attendat,
441 2492 504 2535 una
519 2483 584 2535 est:
607 2472 630 2533 si
649 2470 866 2559 pluralitatem
889 2495 1006 2549 rerum,
1027 2497 1108 2559 quas
1127 2498 1220 2559 penes

272 2597 304 2637 se
319 2574 402 2638 ratio
424 2574 580 2654 intuetur,
595 2575 675 2639 ideae
697 2592 770 2639 sunt
792 2575 937 2640 infinitae.
981 2580 1077 2640 Hanc
1096 2578 1220 2641 intuens

271 2676 409 2754 Stoicus,
422 2674 559 2763 πςονοῖαν,
572 2699 668 2760 quam
684 2700 742 2739 nos
758 2675 918 2762 appellare
933 2699 1103 2760 possumus
1118 2678 1221 2763 provi·

272 2779 423 2855 dentiam,
437 2793 620 2843 veneratur:
638 2796 669 2843 et
686 2777 810 2862 legibus
825 2778 935 2864 ipsius,
948 2778 989 2841 ad
1005 2781 1220 2845 necessitatem

272 2882 379 2946 omnia
398 2882 475 2945 dicit
496 2880 620 2945 arctari.
666 2881 828 2966 Epicurus
843 2904 860 2942 e
875 2894 986 2943 contra
1005 2903 1110 2944 rerum
1125 2880 1221 2945 facili-

274 2998 371 3049 tatem
395 2984 571 3061 attendens,
589 2981 750 3067 extinguit
772 2981 909 3066 rgovolav,
932 2996 964 3045 et
987 2982 1093 3046 omnia
1115 2987 1221 3067 alege

274 3085 471 3149 necessitatis
497 3083 644 3147 absolvit.
703 3083 935 3168 Peripateticus
954 3105 1040 3157 vero,
1062 3085 1224 3169 utrimque

273 3185 388 3248 erroris
424 3182 639 3270 praecipitium
675 3194 830 3261 metucns,
867 3204 923 3244 nec
966 3181 1006 3245 ad
1045 3184 1222 3266 paradoxas

276 3285 387 3358 Stoici,
403 3306 460 3347 nec
481 3283 521 3347 ad
543 3280 699 3369 κυριοὸόξας
721 3280 853 3366 Epicuri
873 3295 1033 3345 movetur:
1058 3282 1113 3346 sed
1130 3284 1173 3347 sic
1191 3285 1221 3346 in

278 3383 386 3448 Stoico
408 3384 535 3470 agovolav
556 3384 676 3457 asserit,
692 3396 727 3447 ut
745 3383 838 3447 rebus
860 3404 922 3445 non
945 3382 1078 3447 inducat
1094 3385 1223 3448 necessi-

275 3498 391 3548 tatem:
416 3485 459 3547 sic
480 3507 551 3549 cum
574 3485 725 3570 Epicuro,
746 3507 765 3546 a
786 3484 970 3548 necessitate
991 3508 1040 3548 res
1060 3486 1223 3572 expendit,

275 3599 312 3649 ut
336 3585 545 3670 providentia.
568 3608 629 3649 non
654 3586 779 3650 auferat
803 3585 978 3650 veritatem.
1024 3588 1091 3652 Res
1114 3590 1223 3674 itaque

274 3686 390 3772 partim
403 3690 591 3750 necessarias
601 3687 709 3751 asserit
720 3711 797 3768 esse,
810 3688 923 3773 partim
935 3687 1079 3752 facilitati
1090 3703 1224 3769 naturae,

274 3803 306 3852 et
328 3787 426 3851 libero
448 3787 582 3850 arbitrio
600 3789 771 3873 subjacere.
818 3788 1032 3853 Academicus
1053 3803 1129 3852 vero
1149 3789 1225 3855 fluc-

277 3901 360 3967 tuat,
374 3902 405 3952 et
420 3887 499 3974 quid
516 3886 546 3950 in
564 3889 696 3973 singulis
712 3912 822 3953 verum
840 3891 879 3954 sit
895 3890 1025 3953 definire
1040 3912 1102 3954 non
1118 3891 1224 3956 audet.

279 3990 360 4055 Hac
382 4004 486 4055 tamen
510 4003 595 4054 secta
615 3991 770 4054 trifariam
792 3992 894 4056 divisa
920 4004 985 4056 est:
1014 3992 1110 4057 babet
1132 3996 1225 4074 enim,

277 4094 333 4182 qui
363 4117 396 4157 se
421 4091 500 4156 nibil
526 4091 654 4154 omnino
684 4096 762 4156 scire
792 4094 1012 4178 profiteantur,
1041 4108 1073 4158 et
1103 4094 1227 4159 cautela

278 4198 374 4261 nimia
394 4199 617 4264 demeruerunt
639 4194 819 4283 plrilosopbi
842 4218 964 4259 nomen.
1013 4197 1123 4261 Habet
1137 4198 1226 4277 alios,

278 4304 335 4385 qui
358 4324 390 4364 se
413 4298 479 4364 sola
502 4299 684 4373 necessaria,
709 4311 740 4361 et
768 4321 875 4383 perse
901 4312 987 4374 nota,
1011 4320 1086 4381 quae
1108 4298 1226 4363 scilicet

279 4403 390 4466 nesciri
423 4425 486 4465 non
520 4413 663 4486 possunt,
695 4401 906 4464 confiteantur
937 4420 1035 4462 nosse.
1096 4400 1226 4464 Tertius
