2992 5592
284 817 343 865 ese.
359 800 424 882 rx.]
644 819 886 868 urrsmcrcus.
1180 814 1241 875 loo

283 972 472 1038 Communes
497 969 586 1034 enim
611 973 841 1060 conceptiones,
863 997 882 1037 a
906 974 1103 1060 singulorum
1128 976 1240 1044 induc·

280 1069 355 1134 tione
369 1068 470 1136 fidem
488 1070 679 1136 sortiuntur.
726 1072 926 1158 Impossibile
944 1077 1028 1139 enim
1044 1089 1091 1142 est
1109 1078 1236 1143 unirer-

279 1172 347 1236 srlia
368 1170 548 1258 speculari,
571 1195 634 1237 non
660 1196 717 1260 per
743 1175 978 1241 inductionem:
1011 1179 1173 1263 quoniam,
1198 1193 1235 1245 ut

277 1273 328 1349 sit,
350 1295 428 1360 quae
452 1295 495 1337 ex
521 1273 734 1341 abstractione
758 1276 921 1358 dicuntur,
943 1301 1001 1364 per
1023 1279 1235 1364 inductiones,

278 1376 393 1462 ignote,
421 1388 503 1440 nota
528 1375 623 1440 liunt.
669 1377 827 1443 inducere
850 1393 968 1454 autem,
992 1402 1054 1443 non
1083 1381 1236 1448 habentes

277 1500 411 1552 sensum,
438 1476 638 1565 impossibile
663 1492 721 1543 est.
769 1481 986 1565 Singularium
1013 1478 1096 1544 enim
1124 1504 1234 1547 sensus

276 1595 337 1645 est:
365 1600 427 1645 nec
442 1578 604 1663 contingit
619 1578 760 1666 ipsorum
781 1582 924 1667 accipere
940 1582 1113 1659 scientiam,
1129 1605 1233 1669 neque

275 1707 312 1749 ex
325 1682 562 1748 universalibus
574 1682 640 1747 sine
654 1682 850 1761 inductione,
863 1707 920 1748 nec
936 1707 992 1770 per
1006 1685 1235 1768 inductionem,

275 1785 336 1850 sine
351 1807 461 1850 seusu.
502 1785 558 1849 Fit
574 1806 650 1868 ergo
664 1807 704 1848 ex
720 1807 813 1850 sensu
830 1786 1001 1850 memoria:
1025 1809 1064 1850 ex
1081 1787 1233 1852 memoria

277 1886 450 1952 multorum
467 1886 586 1972 saepius
608 1888 734 1967 iterata,
748 1888 1022 1974 experimentum:
1050 1888 1092 1952 ab
1110 1889 1233 1976 experi-

274 1989 398 2065 mentis,
421 1987 574 2066 scientiae,
595 2002 652 2052 aut
678 1988 767 2066 artis,
790 1990 873 2054 ratio
899 2004 1016 2056 manat.
1061 1993 1162 2056 Porro
1187 1992 1228 2056 ab

272 2104 348 2170 arte,
372 2113 449 2178 quae
470 2112 530 2156 usu
554 2103 586 2155 et
609 2090 837 2156 exercitatione
858 2092 984 2156 firmata
1005 2106 1065 2169 est,
1080 2094 1229 2179 provenit

273 2190 405 2259 incultas
419 2192 601 2278 exequendi
616 2215 664 2268 ea,
678 2215 751 2278 quae
766 2216 805 2257 ex
821 2207 889 2258 arte
899 2195 1039 2278 gerenda
1053 2210 1140 2261 sunt.
1175 2198 1229 2262 Sic

272 2295 381 2381 itaque
404 2316 516 2360 sensus
537 2295 689 2380 corporis,
713 2295 769 2381 qui
794 2295 896 2382 prima
923 2297 981 2377 vis,
1004 2312 1061 2363 aut
1085 2299 1226 2385 primum

271 2397 460 2462 exercitium
471 2396 587 2461 enimae
598 2410 656 2478 est,
668 2398 810 2462 omnium
826 2399 942 2464 artium
955 2401 1097 2487 praejacit
1112 2401 1229 2467 lunde-

271 2512 394 2565 menta:
426 2512 459 2564 et
485 2500 740 2585 proeexistentem
764 2501 880 2566 format
905 2503 1130 2587 cognitionem,
1153 2528 1226 2590 quae

271 2600 381 2691 primis
395 2601 562 2688 principiis
577 2599 660 2666 viam
678 2624 739 2668 non
756 2602 852 2668 modo
866 2605 980 2691 aperit,
998 2603 1096 2668 sedet
1114 2603 1210 2690 parit.

272 2922 350 3010 Cep.
367 2928 398 2987 9.
424 2921 516 2997 Quid
528 2940 657 2994 senense
687 2930 719 2985 et
732 2924 886 3005 quomodo
900 2925 1005 2987 omnis
1015 2925 1226 3006 philosophia

324 3027 453 3110 speciae,
468 3045 511 3088 eu
524 3026 593 3107 ipso
607 3027 807 3089 convalescat
818 3047 879 3108 per
893 3028 1167 3109 inopinationcm.

309 3197 456 3262 Punurr
476 3206 583 3257 eutem
606 3205 654 3259 est
674 3194 734 3258 hoc
755 3193 942 3279 diligentius
964 3190 1143 3278 inspicienti
1167 3216 1224 3278 per

267 3296 403 3385 singula.
449 3297 534 3361 Nam
550 3319 650 3382 quum
668 3319 778 3361 sensus
796 3293 986 3375 (secundum
1004 3293 1221 3380 Aristotelem)

270 3402 311 3467 sit
332 3398 490 3465 naturalis
511 3399 655 3484 potentie
681 3397 854 3462 indicativa
876 3419 993 3474 rerum,
1015 3408 1073 3462 aut
1094 3399 1223 3464 omniuo

269 3526 329 3569 non
344 3516 405 3581 est,
420 3514 477 3567 aut
493 3505 548 3566 rix
563 3513 611 3564 est
626 3498 779 3584 cognitio,
792 3498 958 3563 deficiente
973 3521 1081 3564 sensu:
1106 3502 1132 3566 si
1147 3504 1223 3588 quis

266 3628 362 3692 opera
374 3617 514 3680 natura»,
529 3625 605 3688 quae
619 3625 659 3665 ex
676 3600 849 3680 elementis,
861 3599 911 3664 rel
927 3600 1059 3664 materia
1074 3614 1220 3669 constent

266 3720 297 3773 et
306 3708 420 3784 forma,
430 3716 603 3792 pertractet
615 3725 687 3767 cum
702 3702 850 3788 Physico,
863 3702 1072 3767 ratiocinandi
1083 3705 1164 3768 viam
1177 3705 1219 3769 ab

267 3806 382 3873 indicio
392 3827 543 3870 sensuum
556 3817 734 3869 mutuatur.
765 3804 798 3867 Si
813 3825 886 3867 vero
901 3827 975 3869 cum
991 3802 1222 3870 Mathematico

266 3911 384 3996 figuras
408 3908 586 3983 abstrahat,
613 3919 671 3970 aut
695 3930 847 3971 numeros
876 3910 1046 3994 partiatur,
1074 3908 1222 3975 discretae

267 4011 498 4083 multitudinis,
537 4024 592 4075 aut
629 4010 855 4074 continuorum
890 4034 1061 4098 corporum
1096 4013 1221 4096 copiam

267 4116 415 4182 fidelibus
428 4113 531 4178 oculis
545 4113 671 4198 ingerit.
717 4110 932 4198 Philosophus
954 4133 1085 4197 qnoque
1100 4112 1155 4195 qui
1173 4133 1223 4172 ra-

267 4218 414 4283 tionalem
431 4227 567 4290 exercet,
579 4215 636 4300 qui
650 4214 742 4279 etiam
757 4227 822 4278 tam
836 4212 962 4299 Physici
978 4234 1074 4296 quam
1093 4209 1222 4272 Mathe-

267 4321 373 4386 matici
395 4318 494 4383 cliens
516 4330 576 4396 est,
595 4318 636 4381 ab
658 4318 697 4381 iis
717 4313 842 4403 incipit,
865 4337 939 4400 quae
963 4330 1111 4375 sensuum
1135 4311 1222 4374 testi-

267 4421 373 4486 monio
396 4416 632 4497 convalescunt,
654 4430 685 4481 et
709 4415 881 4502 proliciunt
907 4410 948 4476 ad
972 4404 1222 4493 intelligibilium
