2992 5592
134 824 200 871 css.
216 805 306 887 xrs]
484 820 727 866 uarssomcus.
1040 808 1082 865 49

129 975 214 1041 dicta
236 974 381 1059 itemque
405 972 529 1049 vitiosa,
548 994 618 1060 ¹non
643 971 823 1048 didicerint,
850 993 922 1035 raro
942 969 1079 1047 fidelem,

129 1097 295 1163 uunquam
313 1097 387 1138 vero
409 1073 533 1138 facilem
557 1096 679 1150 eorum,
699 1096 774 1159 quae
793 1075 912 1160 scripta
930 1086 1017 1151 sunt,
1032 1076 1081 1140 in-

128 1175 337 1263 telligentiam
353 1188 551 1261 assequatur.

164 1379 245 1466 Cap.
265 1384 315 1442 19.
362 1378 456 1454 Quod
457 1380 653 1461 figurarem
667 1381 817 1460 perutilis
831 1386 878 1442 cst
892 1382 1038 1461 cognitio.

169 1516 341 1577 Drseourr
360 1524 393 1577 et
412 1525 533 1598 tropos,
547 1511 581 1574 id
597 1525 657 1588 est,
673 1514 778 1576 modos
792 1516 1027 1595 aquationum,
1045 1526 1080 1577 ut

131 1635 233 1699 quum
259 1635 279 1676 a
301 1613 432 1699 propria
458 1613 687 1698 significatione
716 1636 758 1677 ex
787 1637 883 1677 causa
911 1614 1081 1700 probabili,

128 1737 230 1779 sermo
258 1714 300 1779 ad
330 1737 393 1778 non
427 1715 590 1800 propriam
628 1714 769 1779 trahitur
798 1715 1078 1799 significationem:

129 1815 233 1903 qualis
254 1828 303 1880 est
330 1817 535 1900 Metaplrora,
564 1817 778 1901 Metonymia,
803 1829 835 1881 et
866 1816 1082 1902 synecdoche,

129 1931 161 1982 et
183 1917 315 1998 similes,
330 1940 412 2004 quas
433 1941 630 1994 enumerare,
651 1919 783 2003 longum
805 1930 863 1982 est.
910 1919 971 1983 Sed
994 1932 1026 1983 et
1049 1920 1081 1983 hi

129 2018 169 2083 ad
197 2019 331 2084 modum
372 2019 575 2085 schematum
606 2019 800 2105 privilegiati
829 2029 914 2096 sunt,
945 2033 976 2085 et
1007 2023 1083 2085 solis

130 2120 354 2186 eruditissimis
373 2135 461 2207 patet
483 2146 563 2187 usus
582 2144 711 2189 eorum:
740 2123 877 2187 undeet
899 2122 949 2187 lex
970 2146 1080 2188 eorum

131 2224 248 2289 arctior
270 2237 329 2305 est,
353 2248 417 2310 qua
442 2248 504 2288 non
532 2225 764 2310 permittuntur
793 2225 919 2311 longius
944 2227 1083 2313 evagari.

131 2326 338 2413 Regulariter
367 2327 453 2391 enim
488 2327 651 2414 proditum
683 2341 743 2408 est,
772 2329 849 2414 qnia
878 2328 998 2412 figuras
1028 2354 1083 2395 ex·

132 2428 263 2493 tendere
284 2451 347 2491 non
370 2427 455 2492 licet.
502 2429 535 2491 Si
559 2428 632 2513 quis
653 2427 747 2493 etiam
769 2430 800 2492 in
822 2428 1084 2497 translationibus

132 2542 162 2594 et
188 2530 301 2615 figuris
327 2543 494 2594 auctorum
522 2531 694 2594 studiosior
719 2530 862 2594 imitator
887 2547 946 2607 est,
973 2547 1082 2596 caveat

132 2654 169 2697 ue
184 2634 225 2697 sit
241 2633 326 2697 dura
346 2632 551 2696 translatione
565 2633 669 2718 figura
689 2633 819 2698 inculta.
874 2638 981 2697 Virtus
998 2639 1082 2697 enim

130 2738 284 2800 monis
319 2738 441 2818 optimo
471 2743 518 2799 est
544 2739 770 2818 perspicuitas,
800 2743 831 2800 et
857 2738 1006 2817 facilitas
1034 2739 1085 2799 in-

101 2838 306 2920 ,tcllr‘gendi
352 2837 398 2900 Et
422 2836 624 2901 Schematum
646 2850 814 2915 causaest,
831 2840 1011 2915 necessitas,
1027 2850 1084 2901 aut

133 2946 278 3003 ornatus.
335 2939 418 3002 Nam
449 2963 551 3005 sermo
585 2939 753 3006 institutus
787 2954 846 3016 est,
878 2952 913 3003 ut
948 2939 1085 3026 explicet

132 3039 352 3105 intellectum:
380 3054 411 3105 et
434 3042 548 3128 tigurae
570 3042 728 3117 admissae,
753 3053 790 3105 ut
813 3042 900 3125 quod
922 3042 954 3102 in
977 3041 1023 3102 eis
1044 3039 1085 3102 ab

133 3153 203 3204 arte
223 3139 366 3220 dissidet,
380 3142 488 3229 aliqua
509 3141 734 3206 commoditate
754 3153 967 3225 compensent.
1016 3141 1087 3201 Ho-

134 3263 207 3305 rum
238 3255 345 3307 autem
374 3245 511 3308 maxime
546 3242 718 3307 necessaria
747 3254 795 3305 est
830 3240 979 3324 cognitio,
1010 3241 1087 3328 quia

133 3342 165 3407 in
189 3343 340 3408 omnibus
360 3343 434 3431 qdae
458 3344 660 3430 praepediunt
683 3342 891 3419 intellectum,
908 3341 969 3407 tria
983 3343 1085 3408 solent

134 3465 202 3528 prae
216 3444 340 3510 caeteris
354 3444 513 3509 accusari:
541 3445 609 3511 baec
624 3457 730 3509 autem
752 3458 827 3509 sunt
849 3448 1008 3509 schemata
1029 3447 1086 3511 ad·

129 3544 252 3630 junctis
271 3548 374 3634 tropis
393 3560 566 3624 oratorum,
584 3547 782 3634 sophismata
799 3571 874 3634 quoe
889 3548 1087 3614 fallaciarum

133 3647 219 3712 nube
240 3647 410 3714 obducunt
432 3650 553 3715 animas
578 3650 775 3726 auditorum,
798 3662 830 3714 et
854 3651 1012 3715 rationum
1039 3651 1087 3714 di-

134 3749 277 3828 versitas,
292 3773 367 3837 quae
390 3753 541 3838 praejacet
564 3753 595 3816 in
619 3753 725 3815 animo
745 3751 892 3827 dicentis,
913 3766 945 3817 et
968 3767 1085 3820 rectam

134 3852 357 3939 intelligentia
377 3855 506 3936 cognita
527 3866 620 3940 parat
635 3853 728 3918 viam.
776 3854 957 3940 Siquidem,
974 3869 1010 3920 ut
1028 3856 1089 3920 Hi·

134 3950 232 4019 larius
247 3957 305 4032 ait,
317 3958 530 4041 intelliqentia
545 3957 701 4020 sumenda
713 3966 759 4020 cst
770 3979 812 4020 ea
822 3961 929 4022 causis
941 3959 1088 4023 dicendi:

133 4054 277 4143 alioquin
308 4058 405 4123 etiarn
443 4058 476 4120 in
514 4057 681 4144 scripturis
710 4057 869 4122 canonicis
897 4058 1089 4123 rixabuntur

131 4159 258 4235 Patres,
273 4157 400 4243 sibique
420 4171 514 4222 erunt
534 4162 629 4224 etiam
651 4159 867 4242 Evangelistae
884 4159 1046 4234 mntrarii,
1062 4157 1088 4219 si

126 4258 231 4345 judex
247 4258 399 4336 insulsus,
412 4259 452 4323 ad
469 4259 567 4324 solam
580 4261 739 4325 dictorum
757 4260 966 4347 superficiem,
977 4271 1009 4322 et
1025 4281 1087 4321 non

130 4360 170 4424 ad
187 4360 368 4425 dicentium
390 4373 512 4425 mentes
533 4360 676 4447 aspiciat.
721 4365 795 4426 Hoc
817 4365 926 4442 itaque
947 4360 1088 4442 perversi

127 4460 252 4547 ingenii
270 4474 332 4537 est,
347 4474 380 4525 et
400 4481 494 4525 suum
517 4463 715 4546 aspernantis
737 4460 928 4548 profectum.
975 4459 1089 4523 Nonne

175 4580 256 4626 vot..
273 4581 303 4624 v.
606 4581 626 4624 a
