2992 5592
245 787 308 844 310
501 790 637 836 scansis
653 786 933 833 sanusnnurnusrs

250 947 472 1014 Cluniaccnsls
495 944 582 1027 apud
605 942 849 1016 Martiniacum,
873 937 998 1002 accidit
1020 947 1058 1000 ut
1081 937 1122 999 de
1145 956 1210 1017 rege

248 1050 424 1129 Anglorum
458 1045 577 1108 mentio
609 1043 710 1104 fieret.
756 1042 869 1104 Abbas
901 1052 1011 1103 autem
1042 1039 1211 1102 assertione

249 1149 397 1228 religiosa
420 1148 529 1210 multis
552 1145 760 1209 audientibus
782 1141 914 1223 publice
938 1150 1139 1225 protestatus
1160 1149 1213 1214 est,

251 1244 284 1313 se
300 1249 463 1331 praeterita
475 1269 553 1311 voce
566 1246 685 1308 vidisse
701 1243 839 1306 eundem
852 1264 960 1324 regem
974 1253 1054 1303 ante
1071 1241 1213 1304 thronum

251 1351 318 1414 Dei
333 1365 519 1413 accusatum
535 1360 568 1411 et
590 1346 803 1410 damnationis
823 1344 994 1427 excepisse
1017 1343 1214 1404 sententiam.

252 1452 411 1515 Mirantur
437 1451 612 1525 audientes,
634 1446 689 1510 scd
717 1467 815 1529 quum
843 1445 1055 1506 eminentiam
1084 1442 1214 1504 dicentis

254 1552 434 1628 attendunt,
450 1553 552 1615 verbis
567 1551 638 1635 ejus
654 1548 748 1610 fidem
766 1569 831 1609 nou
850 1547 972 1608 habere
987 1568 1057 1609 non
1073 1554 1213 1629 possunt.

256 1653 320 1717 Die
332 1653 479 1735 sequenti
494 1651 687 1731 Lugdunum
701 1648 789 1710 veuit
798 1671 807 1724 3
832 1660 864 1709 et
875 1648 908 1709 in
922 1644 1215 1727 kalendisAugusti

256 1774 355 1838 quum
370 1774 482 1815 omnes
497 1752 708 1834 quiescerent,
720 1769 796 1809 ecce
806 1745 938 1828 juvenis
954 1757 1071 1809 ornatu
1085 1755 1215 1807 venusto

256 1877 294 1918 ac
318 1852 491 1917 venerabili
518 1854 606 1915 vultu
632 1851 750 1913 elerico
774 1849 829 1930 qui
848 1861 922 1910 aute
941 1848 1064 1911 ostium
1085 1868 1215 1911 camera

252 1957 386 2041 jacebat
410 1955 516 2017 adhuc
546 1965 581 2016 ut
607 1951 668 2015 sibi
699 1951 866 2013 videbatur
892 1950 1033 2030 vigilans
1060 1949 1215 2032 apparuit.

259 2080 378 2121 vocans
394 2080 467 2120 eum
487 2056 616 2119 nomine
633 2077 703 2125 suo,
720 2056 739 2086 “
754 2052 887 2128 Adam,”
899 2051 1017 2134 inquit,
1029 2052 1051 2083 “
1062 2046 1217 2113 dormisi”

258 2159 436 2240 respondit,
461 2156 608 2233 “Non;”
631 2170 664 2220 et
690 2153 816 2237 adjecit,
839 2154 929 2214 “Vis
955 2152 1068 2214 audire
1094 2148 1217 2213 nova?”

260 2257 373 2334 Adam,
388 2260 408 2290 “
421 2258 600 2333 Libenter,'’
610 2257 721 2339 inquit.
753 2257 797 2317 Et
808 2255 873 2331 ille,
885 2254 905 2288 “
916 2255 979 2315 Pro
989 2266 1079 2317 certo
1093 2252 1219 2316 noveris

261 2356 519 2434 controversiam,
531 2373 603 2439 qum
621 2359 803 2418 vertebatur
818 2356 900 2417 iuter
915 2356 1104 2417 Anselmum
1120 2353 1220 2416 archi·

259 2457 448 2540 episcopum
464 2467 497 2518 et
513 2477 618 2536 regem
634 2457 833 2517 Willelmum
850 2456 988 2536 Angliae,
999 2456 1136 2517 omnino
1150 2475 1219 2516 esse

261 2556 432 2621 decisam.”
478 2557 527 2620 Ad
553 2556 642 2639 quod
667 2556 732 2634 illc,
760 2558 871 2619 oculos
896 2558 1032 2637 erigens,
1057 2557 1218 2619 neminem

263 2660 352 2724 ridit.
387 2659 543 2744 Sequenti
558 2681 630 2722 vero
645 2670 741 2720 nocte
757 2659 839 2720 alius
855 2658 937 2719 inter
952 2658 1130 2721 matutinas
1145 2657 1218 2738 rigi·

262 2763 324 2825 lias
341 2763 459 2825 clausis
475 2763 577 2825 oculis
596 2774 682 2824 stans
697 2760 875 2842 psallebat3
905 2772 937 2822 et
952 2781 1028 2823 ecce
1043 2759 1176 2843 quidam
1192 2758 1220 2821 ei

264 2863 406 2926 ostendit
428 2864 615 2939 chartulam,
630 2863 662 2924 in
687 2884 751 2946 qua
768 2863 921 2945 scriptum
944 2874 1028 2926 erat:
1055 2863 1146 2926 Obiit
1164 2884 1221 2926 rex

262 2965 456 3028 Willelmus
501 2964 622 3029 Oculos
648 2976 753 3027 autem
784 2966 940 3047 aperiens,
967 2966 1129 3028 neminem
1157 2965 1221 3028 nisi

264 3067 371 3129 socios
384 3066 472 3130 vidit.
511 3067 556 3128 Et
569 3080 643 3130 tunc
656 3065 785 3148 quidem
802 3064 962 3128 Dominus
978 3065 1019 3129 de
1035 3088 1110 3147 rege
1125 3066 1221 3150 impio

259 3169 417 3251 judicium
442 3191 533 3232 suum
550 3170 729 3233 terribiliter
747 3180 1001 3250 perpetraverat;
1035 3185 1068 3230 et
1084 3169 1138 3253 qui
1154 3170 1221 3231 rix·

265 3281 333 3333 erat
362 3272 546 3346 bestialiter,
576 3272 742 3334 bestialem
778 3270 945 3332 invenerat
981 3271 1107 3333 exitum
1142 3270 1223 3333 ritae.

266 3372 466 3435 Tristabatur
483 3374 671 3447 Auselmus;
701 3382 733 3434 et
755 3371 837 3434 sicut
852 3372 980 3433 Samuel
998 3372 1134 3453 lugebat
1147 3370 1226 3435 San·

267 3473 330 3533 lem
353 3472 514 3557 dejectum
537 3495 556 3535 a
573 3471 725 3548 Domino,
741 3476 787 3535 sic
810 3472 904 3534 istum
924 3471 959 3533 in
983 3494 1018 3534 se
1034 3494 1227 3554 provocasse

267 3571 346 3633 iram
363 3572 507 3649 Domini,
522 3594 660 3636 moerens
678 3584 711 3636 et
728 3573 844 3636 auxius
863 3574 1069 3655 querebatur.
1116 3576 1228 3638 Mallet

267 3671 353 3732 enim
369 3672 401 3733 in
413 3675 616 3755 beneplacito
628 3674 761 3737 Domini
774 3675 910 3757 seipsum
923 3675 956 3735 in
974 3696 1124 3758 corpore,
1136 3697 1230 3761 quam

267 3771 357 3833 illum
373 3773 477 3835 taliter
493 3787 651 3837 mortuum
669 3797 750 3838 esse.
