2992 5592
579 822 801 866 aurucrrcus.
1106 811 1169 869 ‘245

211 975 292 1037 Haec
306 971 379 1036 idco
397 984 518 1036 veteres
533 972 669 1059 propriis
685 985 792 1036 texere
808 973 930 1057 figuris,

294 1074 342 1139 Ut
359 1072 509 1138 meritum
525 1074 624 1158 possit
639 1072 806 1138 conciliare
822 1073 912 1142 fides.
1102 1081 1162 1141 190

205 1175 326 1243 Abdita
342 1197 481 1262 namque
496 1172 634 1262 placent,
651 1174 807 1241 vilescunt
823 1179 952 1263 cognita
967 1175 1076 1262 vulgo,

293 1277 356 1353 Qui
371 1277 459 1363 quod
477 1276 556 1340 scire
572 1290 688 1364 potest,
705 1276 826 1340 nullius
841 1298 912 1341 esse
928 1286 1033 1363 putat.

206 1381 286 1442 Rern
303 1400 408 1440 veram
425 1391 511 1462 tegat
527 1376 686 1440 interdum
703 1375 829 1440 fallacia
844 1378 945 1454 verbi,

292 1480 380 1542 Dum
397 1500 446 1540 res
462 1500 536 1540 vera
551 1477 672 1553 subest,
689 1499 764 1540 vera
780 1477 882 1561 ligura
898 1491 1015 1554 manet,

204 1579 299 1646 Falsa
314 1593 419 1644 tamen
437 1580 524 1642 verbi
540 1579 632 1654 facie,
648 1580 701 1643 sed
719 1593 825 1642 mente
840 1579 953 1657 fidelis,
1098 1582 1157 1647 195

289 1684 377 1745 Dum
395 1677 469 1743 facit
485 1679 606 1742 arcanis
621 1680 717 1743 rebus
732 1677 833 1743 inesse
848 1680 953 1744 fidem.

469 1780 521 1845 De
535 1781 570 1844 F
569 1802 648 1843 aruo
661 1788 693 1844 et
707 1782 894 1845 Marciano.

203 1884 347 1961 Qualiter
361 1906 511 1948 arcanum
528 1883 623 1947 lateat
640 1884 701 1948 sub
717 1884 855 1969 imagine
870 1884 959 1961 falsa,

289 1983 466 2061 Quaeritur:
491 1983 551 2046 hoc
568 1983 696 2048 Furvus
711 1995 809 2069 atque
825 1983 956 2070 Capella
971 1984 1098 2067 docent,

201 2083 383 2149 Excutiunt
398 2105 504 2148 rerum
520 2106 644 2164 causas,
659 2096 691 2148 et
707 2083 829 2148 foedera
845 2097 992 2152 tractant.

284 2188 403 2262 Mores,
419 2183 560 2249 historiae
577 2184 650 2272 plus
666 2184 736 2261 tibi,
755 2186 873 2263 Furve‚
890 2186 1027 2272 placent,
1088 2193 1153 2252 200

201 2291 310 2353 Sermo
324 2287 535 2352 cothurnatus
552 2286 653 2350 Furvi
669 2286 810 2352 discessit
825 2288 866 2352 ab
882 2312 954 2371 usu,

285 2391 330 2455 Et
346 2413 419 2453 raro
434 2388 553 2475 legitur
568 2412 634 2476 prae
648 2390 806 2474 gravitate
823 2391 884 2467 sui,

199 2489 260 2554 Sed
279 2503 384 2555 tamen
400 2489 431 2552 in
447 2511 531 2575 pago
546 2488 704 2575 Ligurino
719 2512 812 2553 carus
826 2490 964 2554 habetur

283 2590 359 2668 Hic,
377 2590 432 2654 ubi
447 2590 488 2653 de
504 2588 618 2653 florum
633 2589 777 2674 germino
792 2611 905 2652 nomeu
923 2589 1029 2653 habet.

196 2697 295 2759 Hunc
311 2715 400 2756 meus
414 2715 434 2755 a
450 2690 589 2757 Conchis
604 2688 791 2755 Willelmus
807 2711 891 2776 saepe
907 2687 1045 2776 legebat,
1086 2695 1149 2756 205

282 2795 380 2857 Hunc
395 2793 491 2857 etiam
507 2805 612 2855 noster
628 2791 828 2856 Pontilianus
842 2803 938 2856 amat.
971 2784 977 2791 ’

197 2895 369 2961 Clauditur
384 2895 523 2960 archivis
538 2897 725 2972 Remorum,
740 2892 872 2980 Belgica
887 2893 990 2979 prima

282 2999 380 3062 Hunc
395 2997 496 3073 dedit,
511 3011 542 3061 ct
559 2996 677 3082 primas
693 2996 876 3060 Aurelianis
891 2996 998 3061 habet.

193 3100 314 3165 Utilior
329 3099 452 3185 magnis
469 3100 609 3177 Furvus‚
623 3097 678 3162 sed
695 3098 775 3162 lacte
792 3098 925 3185 Capella

281 3200 408 3264 Plenior
423 3214 482 3282 est,
498 3201 604 3287 parvis
619 3199 763 3264 sensibus
778 3213 853 3286 apta
869 3203 979 3286 magis.
1082 3207 1147 3266 210

354 3305 407 3366 De
422 3305 549 3386 auptir'a
563 3304 749 3384 philologia
765 3311 796 3366 et
810 3304 981 3368 Mercurii.

193 3403 325 3468 Transit
340 3404 372 3466 in
389 3402 556 3489 amplexus
573 3402 740 3470 Stilbontis
756 3402 945 3489 philologia,

277 3507 415 3592 Hocque
430 3506 484 3593 pie
500 3507 566 3570 lieri
584 3520 691 3571 nostra
708 3505 840 3593 Capella
855 3506 956 3572 docet.

190 3609 374 3673 Mercurius
390 3605 489 3683 verbi,
508 3607 640 3675 rationis
655 3606 835 3695 Philologia

277 3712 337 3774 Est
354 3723 441 3785 nota,
454 3711 635 3796 quaejungi
653 3710 978 3799 Philosophiajuhet.

190 3811 224 3876 Si
241 3813 345 3878 Genio
360 3811 448 3876 verbi
464 3810 595 3876 rationis
612 3826 760 3898 suppetat
779 3837 867 3891 usus,
1078 3821 1142 3884 21³

275 3913 396 3979 Uxoris
410 3913 515 3978 clarus
530 3912 605 3977 dote
622 3913 756 3977 maritus
770 3914 846 3978 erite

187 4021 229 4081 At
246 4016 306 4081 sibi
323 4016 348 4080 si
366 4014 446 4080 ratio
461 4014 555 4091 desit,
572 4036 672 4101 prope
689 4015 796 4080 nudus
811 4016 960 4096 habetur,

274 4116 322 4179 Ut
338 4128 433 4200 queat
449 4114 613 4178 obscoenas
629 4113 680 4177 rix
696 4115 820 4200 operire
835 4130 934 4181 nates.

185 4216 381 4304 Conjugium
398 4213 491 4292 felix,
506 4238 606 4300 quum
624 4227 747 4279 naturae
764 4216 902 4280 sociatur

274 4319 395 4401 Virtus,
409 4318 461 4383 cui
479 4317 638 4382 thalamus
652 4338 740 4381 mens
756 4317 906 4404 sapientis
920 4319 991 4381 crit.
1076 4319 1139 4383 220
1189 4324 1197 4335 '
