2992 5592
252 794 315 852 {tt-2
506 805 642 850 rosnsrs
658 803 944 850 sauesuruuessrs

254 958 361 1021 omnia
376 979 448 1041 quoe
463 956 602 1019 habebat
624 978 644 1019 a
664 957 844 1020 latronibus
867 959 964 1042 diripi
989 959 1216 1025 miserabiliter

256 1057 460 1141 deplorantis.
498 1058 596 1119 Miles
611 1068 718 1120 tamen
734 1059 766 1119 in
783 1060 929 1122 oratioue
944 1061 1104 1144 persistit,
1115 1062 1212 1144 pluris

254 1163 376 1223 habens
406 1159 584 1223 devotionis
613 1181 709 1243 quam
739 1161 955 1243 possessionis
993 1162 1211 1245 dispendium.

254 1263 369 1325 Hostis
392 1283 466 1325 vero
493 1260 599 1324 devoti
623 1261 733 1324 militis
756 1263 970 1325 constantiam
998 1262 1127 1342 dolens,
1150 1264 1212 1328 ursi

253 1364 396 1447 speciem
411 1361 534 1438 induit;
557 1374 589 1424 et
603 1374 677 1424 aute
693 1384 765 1424 eum
781 1383 799 1422 a
815 1372 901 1426 tecto
914 1385 1069 1427 corruens
1084 1365 1211 1428 horrore

254 1488 347 1530 casus
373 1481 406 1529 et
430 1465 537 1528 sormae
565 1464 713 1526 terribilis
739 1475 885 1527 orantem
911 1466 1013 1529 voluit
1043 1465 1209 1550 impedire.

254 1570 296 1632 Ar
308 1569 361 1632 ille
373 1587 590 1650 perseverans,
602 1579 775 1627 monstrum
788 1585 920 1628 securus
932 1566 1052 1630 irridet.
1093 1569 1206 1651 Egres-

253 1690 308 1731 sus
324 1667 451 1731 tandem
471 1668 512 1730 ab
535 1665 671 1729 ecelesia
692 1665 775 1725 iuter
797 1664 940 1726 eundum
956 1665 1084 1729 audivit
1098 1687 1208 1730 rocem

254 1772 338 1834 clare
368 1770 527 1833 dicentem
558 1767 637 1829 sibi:
675 1763 842 1842 “Cadrrle,
869 1787 933 1849 quo
964 1767 1097 1833 tendis?
1136 1770 1206 1840 Quo

253 1873 369 1947 tendis,
384 1868 528 1935 Cudule?
561 1869 628 1933 Cur
647 1866 687 1929 ad
706 1867 848 1929 Priorem
869 1868 1075 1952 hypocritam
1093 1869 1201 1933 radis?

253 1973 399 2037 Nudabit
414 1985 443 2036 te
458 1973 554 2035 bonis
569 1991 656 2033 more
671 1990 740 2046 suo,
755 1981 786 2030 ct
806 1970 1024 2051 praecipitabit
1039 1982 1071 2033 te
1087 1972 1122 2034 in
1137 1972 1202 2034 son·

251 2085 316 2136 tem
332 2075 454 2137 erroris.
500 2073 620 2155 Utique
636 2081 712 2155 tuuc
728 2069 911 2152 poeuitebis.
951 2069 1121 2154 Siquidem
1137 2073 1203 2156 opi·

253 2174 307 2236 nio
322 2175 392 2259 ejus
407 2197 427 2237 a
438 2174 679 2237 conversatione
694 2171 864 2254 plurimum
882 2170 1007 2234 distat.”
1045 2174 1108 2237 Ille
1121 2195 1203 2252 vero,

251 2295 361 2336 vocem
387 2274 533 2348 audiens,
556 2272 718 2334 neminem
742 2270 864 2348 videus,
884 2271 977 2351 signo
1002 2276 1113 2339 crucis
1136 2297 1201 2339 ora·

251 2375 456 2456 tionibusque
481 2373 622 2435 munitus
645 2371 851 2453 pervenitad
875 2374 1084 2452 Auselmum3
1116 2388 1203 2442 etex

252 2475 387 2537 consilio
402 2476 471 2559 ejus
486 2473 678 2536 monachum
695 2472 799 2535 induit
813 2473 900 2555 apud
914 2476 1025 2561 Majus
1040 2478 1204 2544 Monastc·

252 2578 332 2640 rium
348 2578 380 2639 in
402 2599 488 2660 pago
510 2575 701 2638 Turonensi.
747 2576 970 2641 Consuevcrat
990 2600 1203 2666 unumquem-

253 2681 363 2764 quein
379 2681 466 2742 illum
482 2680 588 2741 locum
604 2678 741 2754 mittere,
757 2698 850 2760 quem
865 2678 1045 2761 inspirante
1062 2683 1203 2747 Domino

166 2779 174 2798 ⁸
253 2782 426 2865 preelegit.
470 2782 553 2844 Nam
570 2779 758 2862 plerumque
773 2777 815 2840 ad
831 2778 895 2841 alia
912 2793 1119 2849 transeuntes
1137 2807 1204 2869 poe·

252 2885 388 2948 nitentia
404 2885 581 2947 comitetur.

297 3142 377 3224 Cap.
390 3146 419 3203 6.
445 3135 758 3203 Herlewinusebhos
769 3135 868 3198 Becci
877 3136 1009 3201 decedit.
1033 3143 1204 3206 Anselmuc

251 3241 390 3302 succedit
400 3242 463 3322 ipsi
475 3240 511 3301 in
526 3240 663 3301 abbatem
680 3235 842 3297 Beccensr‘c
852 3237 993 3299 cenobii.
1034 3242 1204 3304 Dubitetr'o

253 3341 438 3410 lantranci
463 3343 691 3422 archiepiscopi
720 3337 759 3398 de
787 3343 897 3400 sancto
927 3339 1076 3422 Elplego
1105 3346 1134 3406 si
1160 3348 1204 3407 sit

250 3451 374 3525 martyr
398 3447 448 3506 vel
472 3464 549 3506 non.
595 3442 810 3521 Interrogatr'o
830 3441 928 3522 sacto
951 3443 995 3503 ad
1017 3443 1200 3507 Ancelmum

250 3546 390 3608 abbatem
407 3547 511 3609 Becci.
556 3545 732 3628 Responsio
747 3542 891 3606 Ansetmi
905 3545 951 3606 ad
967 3547 1201 3628 interrugotum

252 3644 435 3727 lanfranci
450 3650 490 3710 de
504 3650 565 3710 liae
579 3669 687 3710 causo.

293 3814 422 3874 Annin
450 3834 521 3873 vero
550 3813 741 3896 Herlewyno
768 3812 936 3878 decedenti
963 3814 1111 3878 succedit
1135 3818 1200 3878 An·

251 3915 379 3990 selmus,
403 3913 522 3976 invitus
549 3912 681 3996 quidem
708 3930 739 3977 ct
766 3915 918 3992 renitens,
941 3914 999 3977 sed
1024 3926 1158 3980 coactus
1184 3937 1204 3980 a

249 4018 407 4096 fratribus,
437 4029 469 4079 et
498 4015 638 4077 maxime
677 4026 810 4098 urgente
839 4014 991 4079 mandato
1030 4038 1095 4099 quo
1128 4039 1200 4081 eum

250 4118 420 4184 Maurilius
432 4119 678 4199 Rotomagensis
689 4118 951 4200 archiepiscopus
962 4117 1121 4181 vinxerat
1154 4122 1202 4184 Ut

247 4237 352 4287 autem
378 4220 522 4297 orationi,
539 4220 668 4283 lectioni
693 4232 725 4281 et
749 4218 855 4280 officio
879 4219 967 4281 verbi
988 4219 1124 4282 liberius
1147 4243 1201 4285 va·

248 4341 352 4402 caret3
381 4345 493 4386 causes
516 4333 548 4385 et
572 4320 726 4384 forinseca
748 4321 898 4383 iratribus
918 4319 960 4382 ad
983 4319 1047 4384 hoc
1074 4320 1203 4387 idoneis

246 4426 415 4509 delegarit.
470 4423 640 4505 Proecepit,
667 4434 701 4485 ut
731 4442 856 4504 semper
884 4422 1107 4503 praeetigerent
1132 4427 1201 4508 pati
