2992 5592
329 828 394 890 m
584 844 722 889 soumis
734 842 1015 890 saussaium

589 996 644 1060 De
655 999 734 1059 nitio
746 996 1009 1079 ingratitudinis.

325 1099 446 1180 lngmi
460 1099 592 1174 crimen,
606 1100 659 1160 cni
673 1099 775 1179 gratis
788 1099 879 1161 nulla
891 1098 1040 1175 coheret,
1216 1103 1288 1164 906

411 1201 578 1281 Ingratum
592 1201 744 1284 prohibet
757 1201 838 1264 ciris
851 1201 970 1264 habere
983 1203 1103 1265 locum.

658 1300 712 1364 De
724 1321 812 1362 nono
822 1302 939 1384 glorio.

323 1402 386 1464 Est
399 1403 524 1483 ingrata
539 1403 624 1478 Deo,
638 1425 710 1486 qnae
724 1403 802 1465 doni
817 1416 928 1487 captat
941 1403 1091 1481 honores,

410 1505 494 1576 Quae
508 1503 621 1567 landes
634 1507 743 1588 operis
758 1506 826 1569 mlt
840 1505 977 1568 retinere
992 1506 1083 1567 honi.

324 1604 471 1689 Proripit
485 1608 607 1669 auctori
622 1609 771 1691 quisquis
785 1608 895 1670 titulos
908 1609 1102 1683 meritorum,

408 1707 568 1770 Provocat
581 1709 711 1771 ultrices
726 1710 760 1771 in
774 1729 834 1772 sus
847 1707 965 1772 damna
978 1730 1102 1772 manus
1214 1714 1285 1773 910

324 1807 439 1872 Gloria
452 1830 535 1872 sana
550 1808 628 1893 quid
643 1822 704 1888 est,
716 1811 781 1873 nisi
796 1811 903 1874 snmus
916 1822 950 1873 et
963 1812 1075 1873 umbra
1089 1831 1275 1895 sonusque,

410 1911 474 1983 Qui
490 1911 597 1988 simul,
610 1924 647 1975 nt
660 1912 772 1995 coepit,
785 1913 901 1997 incipit
915 1933 987 1976 esse
1000 1909 1104 1975 nihil?

326 2014 423 2076 Hane
440 2028 546 2076 tamen
562 2016 712 2077 affectant
726 2035 851 2089 omnes,
864 2016 941 2099 quia
956 2035 1081 2095 semper
1094 2012 1211 2077 adesse

410 2116 504 2178 Verae
520 2117 645 2178 virtutis
660 2116 853 2180 testificatur
867 2139 959 2200 opus

324 2212 446 2292 Gloria,
463 2217 558 2278 dulce
573 2218 704 2294 malum,
719 2239 908 2300 magnorum
922 2230 1054 2302 pectora
1068 2218 1193 2280 mulcet
1210 2223 1281 2282 91⁶

409 2317 454 2379 Et
469 2332 575 2379 tamen
592 2315 662 2380 haeo
678 2318 790 2383 eadem
806 2320 1006 2403 languidiora
1022 2320 1107 2382 lacit

322 2418 413 2491 Quos
427 2439 503 2480 caro
515 2440 582 2481 nou
597 2420 709 2498 flectit,
723 2444 785 2485 nec
800 2444 892 2486 amor
904 2423 1053 2506 pervertit
1066 2422 1223 2500 habendi,

409 2519 523 2581 Gloria
537 2518 579 2582 de
594 2520 679 2582 sacili
695 2523 898 2605 praecipitare
913 2523 1004 2585 solet

509 2621 595 2693 Quae
607 2622 790 2702 reprimam
807 2642 926 2684 onnon
935 2623 1082 2702 gloriam.

322 2720 420 2785 Hanc
434 2720 565 2785 tandem
579 2723 743 2806 perimunt
757 2743 862 2786 rernm
877 2724 1064 2806 speculatio,
1079 2723 1191 2787 mnndi

407 2823 630 2906 Contemptus,
645 2845 752 2907 poenae
765 2835 877 2901 terror,
890 2845 1043 2909 amorque
1059 2825 1129 2888 Dei.
1203 2833 1273 2891 920

321 2923 355 2987 si
371 2944 430 2987 sna
445 2924 517 3007 quis
532 2926 627 3006 plene
642 2924 755 2986 recolit
770 2923 866 2999 mala,
881 2924 908 2986 si
922 2925 1009 2987 bona
1022 2928 1148 3008 semper

407 3025 535 3106 Cogitat
554 3025 696 3094 alterius,
712 3024 798 3088 nude
812 3027 971 3108 superbus
985 3024 1066 3089 erit?

320 3125 356 3189 Si
371 3127 516 3189 meritum
533 3127 607 3190 vitae
622 3138 747 3209 penset,
763 3128 790 3189 si
806 3127 946 3191 vindicis
959 3129 1038 3192 iram

406 3228 570 3312 Posseque
586 3228 746 3312 respiciat,
763 3227 850 3292 unde
864 3232 1021 3314 superbus
1036 3229 1116 3293 erit?

321 3312 594 3411 Unde⁰snperbns
609 3331 679 3404 erit,
692 3332 720 3393 si
736 3352 771 3393 se
785 3332 969 3414 speculatur
981 3332 1025 3395 ad
1039 3353 1189 3413 unguem,
1205 3334 1273 3397 925

405 3431 513 3508 Terra,
528 3432 620 3508 cinis,
635 3433 761 3509 vermis,
776 3432 851 3509 l'oex,
866 3454 974 3517 vapor,
989 3435 1109 3511 umbra,
1132 3433 1236 3497 lutum
1249 3434 1261 3497 l

635 3531 689 3595 De
702 3535 780 3596 nitio
792 3536 953 3597 elationis.

318 3634 396 3696 Non
410 3633 508 3697 habet
522 3635 625 3698 elatus
641 3636 791 3699 virtutum
806 3636 901 3714 dona,
917 3636 975 3700 sed
990 3639 1035 3700 illi

349 3767 353 3775 ·
404 3734 449 3796 Et
465 3733 555 3795 Deus
569 3749 619 3797 est
632 3736 745 3809 hostis,
761 3737 863 3800 hostis
877 3747 911 3799 et
925 3740 1028 3801 omnis
1042 3739 1149 3801 homo.

318 3836 406 3900 Elnti
423 3835 544 3911 vitium,
559 3857 624 3919 quo
639 3839 763 3901 nullum
778 3840 883 3923 majus
897 3840 1043 3919 hahetur,

405 3935 480 3999 Nou
496 3938 572 4000 sinit
586 3939 705 4002 elatum
721 3940 827 4004 fratris
841 3963 949 4004 amore
965 3942 1034 4005 frui.
1203 3949 1271 4007 980

589 4043 640 4104 De
654 4043 774 4105 rirtule
788 4043 993 4106 humilitatis.

317 4142 418 4224 Digni
432 4155 509 4206 sunt
522 4143 659 4206 humiles
676 4145 824 4207 virtutum
842 4165 984 4222 munere,
999 4144 1088 4226 digni

403 4244 492 4307 Scire
508 4244 625 4321 Deum,
641 4244 748 4326 <lignis
763 4247 828 4310 rita
842 4249 937 4310 beata
951 4244 1052 4308 datur.

316 4337 383 4412 Qui
398 4343 494 4406 docet
509 4345 577 4408 haec
594 4346 710 4423 verbis,
723 4348 896 4428 pretendit
910 4347 1169 4431 philosophantis
