2992 5592
285 781 446 852 osam]
655 798 895 844 usrsnourcns.
1184 789 1243 850 loa

284 961 384 1013 tamen
401 947 571 1035 quomodo
588 949 755 1016 senteutiae
779 948 965 1016 Aristotelis
986 963 1166 1037 coaptetur,
1182 954 1240 1041 qui

282 1050 474 1115 universalia
489 1073 552 1114 non
565 1073 630 1116 esse
643 1052 820 1135 contendit,
832 1076 893 1116 non
910 1053 1114 1140 perspicuum
1127 1054 1240 1121 habeo.

282 1153 340 1218 Sed
354 1166 389 1219 et
404 1153 548 1233 nomina,
558 1175 633 1240 quae
647 1154 798 1239 praemisi,
813 1159 1046 1241 incorporeum,
1062 1170 1093 1221 et
1110 1156 1241 1224 insensi-

279 1254 348 1332 bile,
362 1255 601 1321 universalibus
611 1256 791 1337 convenire,
804 1258 962 1343 privativa
971 1256 1004 1323 in
1020 1259 1065 1324 eis
1077 1259 1237 1328 duntaxat

279 1372 362 1436 sunt,
377 1382 438 1424 nec
459 1362 672 1446 proprietates
691 1360 826 1446 aliquas,
840 1362 963 1448 quibus
983 1377 1099 1428 natura
1114 1363 1241 1428 univer-

278 1460 404 1539 salium,
426 1461 635 1542 discernatur,
657 1460 720 1525 illis
742 1462 946 1528 attribuunt:
978 1463 1136 1550 siquidem
1159 1463 1239 1529 nihil

278 1563 513 1652 incorporeum,
536 1578 591 1630 aut
617 1564 813 1641 insensibile,
836 1565 1016 1631 universale
1041 1584 1100 1630 est.
1151 1570 1235 1631 Nam

276 1665 435 1753 quioquid
451 1669 673 1752 incorporeum
697 1680 757 1743 est,
774 1679 831 1731 aut
849 1667 990 1751 Spiritus
1013 1680 1073 1744 est,
1089 1681 1145 1732 aut
1162 1690 1235 1754 pro-

277 1767 394 1854 prietas
408 1768 565 1855 corporis,
577 1782 633 1834 aut
646 1769 797 1855 Spiritus.
830 1767 926 1844 Quod
943 1768 967 1831 si
981 1769 1013 1831 in
1030 1790 1095 1832 rem
1111 1769 1236 1833 univer-

277 1869 370 1934 salem
388 1891 453 1933 non
474 1869 573 1947 cadit,
588 1869 702 1956 utique
718 1891 781 1932 non
805 1882 890 1933 recte
911 1873 1089 1954 incorporei
1104 1870 1237 1957 suscipit

276 1993 402 2036 nomen.
450 1971 537 2048 Quid
557 1986 606 2037 est
622 1986 730 2038 sutem
752 1970 986 2058 incorporeum,
1002 1972 1090 2058 quod
1112 1972 1233 2040 nonsit

276 2073 455 2139 substantia
478 2088 584 2138 creata
606 2097 627 2138 a
648 2079 728 2155 Deo,
743 2077 793 2138 vel
815 2072 876 2160 ipsi
899 2075 1105 2141 concretum?
1138 2076 1233 2141 Itasi

275 2173 465 2239 universalia
479 2173 664 2260 incorporea
684 2189 771 2254 sunt,
785 2189 841 2240 aut
857 2189 933 2242 sunt
949 2176 1148 2255 substantiae,
1163 2200 1233 2242 cor-

275 2298 353 2361 pora
364 2275 495 2356 scilicet,
505 2289 561 2340 aut
577 2276 725 2362 Spiritus,
736 2290 793 2341 aut
808 2290 954 2342 concreta
966 2278 1026 2358 his,
1038 2292 1069 2343 et
1083 2301 1233 2344 excausa

274 2401 341 2444 suas
354 2378 544 2454 existentiae,
561 2393 593 2444 et
614 2379 753 2467 quodam
771 2381 956 2445 substantiae
977 2392 1139 2460 contactu,
1156 2396 1231 2448 sunt

272 2480 412 2546 obnoxia
441 2484 588 2547 creatori.
637 2481 773 2546 Valeant
802 2497 921 2564 autem,
951 2484 1016 2548 imo
1045 2484 1229 2571 dispereant

275 2583 479 2661 universalia,
491 2583 518 2648 si
532 2583 560 2647 ei
572 2582 712 2648 obnoxia
728 2605 789 2647 non
806 2597 891 2650 sunt.
922 2585 1037 2649 Omnia
1050 2608 1107 2672 per
1121 2584 1227 2672 ipsum

272 2683 356 2751 iacta
384 2697 479 2751 sunt:
515 2687 634 2767 Utique
659 2693 726 2748 tum
753 2687 892 2767 subjecta
907 2688 1110 2770 formarum,
1133 2709 1229 2768 quom

263 2787 629 2872 ,sormaeaubjeotorums
652 2798 689 2850 ut
705 2785 779 2860 sint,
794 2784 881 2872 quod
896 2784 990 2850 asnis
1005 2783 1229 2871 qualitatibus,

271 2886 320 2952 vel
342 2911 362 2952 a
377 2889 445 2953 suis
466 2889 634 2953 affectibus
649 2887 811 2953 dicuntur.
857 2891 903 2954 Ut
927 2887 1106 2952 substantia
1128 2887 1169 2951 ab
1191 2912 1229 2952 eo

271 2990 452 3056 substantia
467 2990 519 3067 sit,
536 2992 575 3055 sit
590 3005 724 3077 quanta,
740 2993 781 3055 sit
799 2989 914 3075 qualis,
927 2990 967 3055 sit
984 2989 1023 3052 ad
1041 2988 1175 3074 aliquid,
1188 2990 1229 3056 sit

270 3091 399 3168 alicubi,
422 3093 465 3159 sit
487 3092 672 3179 aliquando,
692 3106 725 3157 et
747 3091 868 3177 aliquid
893 3091 1019 3166 habeat,
1039 3103 1096 3154 aut
1118 3088 1225 3170 iaciat,

269 3207 326 3259 aut
347 3195 502 3281 patiatur,
522 3195 578 3260 illo
600 3208 741 3274 auctore,
756 3217 814 3280 per
837 3216 932 3279 quem
956 3205 1003 3257 est
1025 3193 1129 3255 omnis
1151 3195 1226 3258 sub-

271 3296 401 3374 stantia,
421 3295 524 3360 omnis
545 3297 725 3383 proprietas
747 3294 947 3375 substantiae,
962 3306 994 3358 et
1014 3293 1116 3357 omnis
1138 3316 1225 3382 pars,

268 3397 372 3461 omnis
398 3420 528 3483 quoque
554 3419 711 3483 compago
737 3398 889 3482 partium.
935 3397 1062 3459 Formae
1092 3419 1224 3484 quoque

270 3511 334 3563 tum
355 3497 590 3577 substantiales,
606 3522 704 3586 quam
725 3498 943 3571 accidentales,
962 3499 1079 3563 habent
1100 3500 1226 3586 abipso

269 3614 306 3666 ut
331 3603 407 3679 sint,
430 3615 463 3666 et
489 3615 525 3666 ut
551 3626 626 3667 suos
649 3603 680 3665 in
707 3601 858 3688 subjectis
883 3615 1055 3688 operentur
1081 3602 1225 3667 effectus.

269 3703 364 3781 Quod
385 3704 494 3790 itaque
517 3709 546 3769 ei
563 3705 738 3769 obnoxium
762 3727 824 3768 non
846 3718 904 3783 est,
919 3702 1048 3769 omnino
1071 3705 1151 3769 nihil
1166 3718 1224 3771 est.

269 3805 362 3870 Licet
377 3805 460 3870 enim
476 3805 572 3871 Stoici
587 3809 657 3870 Deo
671 3819 792 3892 ponant
807 3805 969 3870 materiam
982 3820 1181 3883 coaeternam,
1194 3819 1227 3871 et

265 3906 377 3972 iormoe
390 3907 499 3973 dicant
514 3906 637 3972 nullum
654 3905 798 3971 extitisse
810 3906 1015 3992 principium,
1028 3908 1090 3974 tria
1105 3930 1225 3996 ponen-

268 4018 314 4072 tes
332 4007 504 4095 principia,
519 4007 695 4084 materiam,
710 4007 845 4070 iormum
866 4021 897 4071 et
918 4011 1036 4081 Deum,
1053 4031 1115 4072 non
1137 4031 1224 4074 ores·

266 4122 367 4176 torem
383 4110 529 4198 quidem,
541 4109 595 4172 sed
611 4107 838 4196 praedictorum
851 4110 1100 4187 conciliatorem;
1122 4126 1154 4173 et
1170 4108 1223 4173 alii

265 4213 399 4300 quidam
422 4211 627 4300 professione,
642 4224 674 4275 et
690 4215 806 4276 affectu
828 4211 1020 4298 philosophi,
1037 4208 1091 4271 sed
1108 4233 1228 4296 nequa-

266 4337 363 4399 quam
392 4313 433 4377 ad
461 4312 591 4399 plenum
624 4311 688 4375 veri
716 4312 862 4377 notitiam
888 4319 1102 4394 assequentes,
1130 4309 1225 4394 plura

268 4418 466 4484 mentiantur
487 4413 661 4500 principia:
693 4437 799 4479 rerum
824 4413 966 4480 omnium
992 4432 1091 4473 unum
1111 4412 1227 4497 princi·
