<?xml version="1.0" encoding="UTF-8"?>
<!DOCTYPE html PUBLIC "-//W3C//DTD XHTML 1.0 Transitional//EN"
    "http://www.w3.org/TR/xhtml1/DTD/xhtml1-transitional.dtd">
<html xmlns="http://www.w3.org/1999/xhtml" xml:lang="en" lang="en">
 <head>
  <title>
</title>
<meta http-equiv="Content-Type" content="text/html;charset=utf-8" />
  <meta name='ocr-system' content='tesseract 3.04.00' />
  <meta name='ocr-capabilities' content='ocr_page ocr_carea ocr_par ocr_line ocrx_word'/>
</head>
<body>
  <div class='ocr_page' id='page_1' title='image "./joannissaresber15johngoog_0051.png"; bbox 0 0 2992 5592; ppageno 0'>
   <div class='ocr_carea' id='block_1_1' title="bbox 288 784 1239 863">
    <p class='ocr_par' dir='ltr' id='par_1_1' title="bbox 288 784 1239 863">
     <span class='ocr_line' id='line_1_1' title="bbox 288 784 1239 863; baseline -0.001 -16"><span class='ocrx_word' id='word_1_1' title='bbox 288 803 354 848; x_wconf 75' lang='lat' dir='ltr'>cre.</span> <span class='ocrx_word' id='word_1_2' title='bbox 370 784 440 863; x_wconf 80' lang='lat' dir='ltr'>xv]</span> <span class='ocrx_word' id='word_1_3' title='bbox 645 802 890 846; x_wconf 79' lang='lat' dir='ltr'>urratoorcus.</span> <span class='ocrx_word' id='word_1_4' title='bbox 1200 787 1239 846; x_wconf 81' lang='grc'>37</span> 
     </span>
    </p>
   </div>
   <div class='ocr_carea' id='block_1_2' title="bbox 283 950 1241 1754">
    <p class='ocr_par' dir='ltr' id='par_1_2' title="bbox 283 950 1241 1754">
     <span class='ocr_line' id='line_1_2' title="bbox 288 950 1241 1040; baseline 0.001 -25"><span class='ocrx_word' id='word_1_5' title='bbox 288 951 334 1016; x_wconf 88' lang='lat' dir='ltr'>vel</span> <span class='ocrx_word' id='word_1_6' title='bbox 349 953 428 1018; x_wconf 88' lang='lat' dir='ltr'>alias</span> <span class='ocrx_word' id='word_1_7' title='bbox 442 965 559 1039; x_wconf 82' lang='lat' dir='ltr'>agente</span> <span class='ocrx_word' id='word_1_8' title='bbox 577 952 625 1016; x_wconf 92' lang='lat' dir='ltr'>vel</span> <span class='ocrx_word' id='word_1_9' title='bbox 640 953 792 1040; x_wconf 89' lang='lat' dir='ltr'>patiente,</span> <span class='ocrx_word' id='word_1_10' title='bbox 807 952 848 1017; x_wconf 93' lang='lat' dir='ltr'>ad</span> <span class='ocrx_word' id='word_1_11' title='bbox 858 951 1080 1039; x_wconf 85' lang='lat' dir='ltr'>exprimendas</span> <span class='ocrx_word' id='word_1_12' title='bbox 1093 950 1241 1016; x_wconf 87' lang='lat' dir='ltr'>differen-</span> 
     </span>
     <span class='ocr_line' id='line_1_3' title="bbox 287 1053 1237 1141; baseline -0.002 -23"><span class='ocrx_word' id='word_1_13' title='bbox 287 1054 344 1118; x_wconf 90' lang='lat' dir='ltr'>tias</span> <span class='ocrx_word' id='word_1_14' title='bbox 359 1057 442 1141; x_wconf 90' lang='lat' dir='ltr'>ejus,</span> <span class='ocrx_word' id='word_1_15' title='bbox 456 1055 498 1117; x_wconf 90' lang='lat' dir='ltr'>ad</span> <span class='ocrx_word' id='word_1_16' title='bbox 510 1055 640 1119; x_wconf 90' lang='lat' dir='ltr'>modum</span> <span class='ocrx_word' id='word_1_17' title='bbox 653 1059 816 1119; x_wconf 88' lang='lat' dir='ltr'>nominum</span> <span class='ocrx_word' id='word_1_18' title='bbox 828 1053 1070 1140; x_wconf 85' lang='lat' dir='ltr'>adjectivorum,</span> <span class='ocrx_word' id='word_1_19' title='bbox 1086 1053 1237 1118; x_wconf 88' lang='lat' dir='ltr'>adverbia</span> 
     </span>
     <span class='ocr_line' id='line_1_4' title="bbox 284 1155 1236 1243; baseline 0.001 -24"><span class='ocrx_word' id='word_1_20' title='bbox 284 1169 517 1241; x_wconf 88' lang='lat' dir='ltr'>processerunt.</span> <span class='ocrx_word' id='word_1_21' title='bbox 535 1155 717 1230; x_wconf 80' lang='lat' dir='ltr'>Quinetiam</span> <span class='ocrx_word' id='word_1_22' title='bbox 734 1156 822 1243; x_wconf 92' lang='lat' dir='ltr'>quod</span> <span class='ocrx_word' id='word_1_23' title='bbox 839 1155 935 1220; x_wconf 90' lang='lat' dir='ltr'>verba</span> <span class='ocrx_word' id='word_1_24' title='bbox 949 1155 1108 1242; x_wconf 86' lang='lat' dir='ltr'>quaedam,</span> <span class='ocrx_word' id='word_1_25' title='bbox 1120 1155 1236 1241; x_wconf 91' lang='lat' dir='ltr'>aliqui-</span> 
     </span>
     <span class='ocr_line' id='line_1_5' title="bbox 284 1259 1235 1348; baseline -0.001 -26"><span class='ocrx_word' id='word_1_26' title='bbox 284 1259 343 1322; x_wconf 91' lang='lat' dir='ltr'>bus</span> <span class='ocrx_word' id='word_1_27' title='bbox 353 1259 554 1348; x_wconf 84' lang='lat' dir='ltr'>temporibus</span> <span class='ocrx_word' id='word_1_28' title='bbox 564 1274 683 1339; x_wconf 88' lang='lat' dir='ltr'>carent,</span> <span class='ocrx_word' id='word_1_29' title='bbox 694 1263 777 1324; x_wconf 91' lang='lat' dir='ltr'>sicut</span> <span class='ocrx_word' id='word_1_30' title='bbox 792 1259 989 1342; x_wconf 90' lang='lat' dir='ltr'>meditativa,</span> <span class='ocrx_word' id='word_1_31' title='bbox 997 1273 1029 1325; x_wconf 89' lang='lat' dir='ltr'>et</span> <span class='ocrx_word' id='word_1_32' title='bbox 1043 1259 1235 1338; x_wconf 89' lang='lat' dir='ltr'>inchoativa,</span> 
     </span>
     <span class='ocr_line' id='line_1_6' title="bbox 283 1360 1233 1449; baseline 0.001 -26"><span class='ocrx_word' id='word_1_33' title='bbox 283 1362 446 1445; x_wconf 72' lang='lat' dir='ltr'>praeterito</span> <span class='ocrx_word' id='word_1_34' title='bbox 460 1385 499 1425; x_wconf 93' lang='lat' dir='ltr'>eo</span> <span class='ocrx_word' id='word_1_35' title='bbox 513 1362 602 1449; x_wconf 92' lang='lat' dir='ltr'>quod</span> <span class='ocrx_word' id='word_1_36' title='bbox 619 1362 832 1448; x_wconf 86' lang='lat' dir='ltr'>gerendorum</span> <span class='ocrx_word' id='word_1_37' title='bbox 847 1361 1033 1427; x_wconf 84' lang='lat' dir='ltr'>deliberatio</span> <span class='ocrx_word' id='word_1_38' title='bbox 1047 1385 1109 1425; x_wconf 93' lang='lat' dir='ltr'>non</span> <span class='ocrx_word' id='word_1_39' title='bbox 1125 1360 1233 1426; x_wconf 89' lang='lat' dir='ltr'>statim</span> 
     </span>
     <span class='ocr_line' id='line_1_7' title="bbox 283 1462 1234 1550; baseline 0 -26"><span class='ocrx_word' id='word_1_40' title='bbox 283 1466 471 1548; x_wconf 87' lang='lat' dir='ltr'>completur,</span> <span class='ocrx_word' id='word_1_41' title='bbox 493 1486 551 1527; x_wconf 91' lang='lat' dir='ltr'>nec</span> <span class='ocrx_word' id='word_1_42' title='bbox 570 1463 662 1528; x_wconf 90' lang='lat' dir='ltr'>initia</span> <span class='ocrx_word' id='word_1_43' title='bbox 683 1486 799 1540; x_wconf 90' lang='lat' dir='ltr'>rerum,</span> <span class='ocrx_word' id='word_1_44' title='bbox 818 1465 922 1529; x_wconf 88' lang='lat' dir='ltr'>adsui</span> <span class='ocrx_word' id='word_1_45' title='bbox 944 1462 1168 1550; x_wconf 86' lang='lat' dir='ltr'>perfectionem</span> <span class='ocrx_word' id='word_1_46' title='bbox 1184 1484 1234 1525; x_wconf 91' lang='lat' dir='ltr'>ac-</span> 
     </span>
     <span class='ocr_line' id='line_1_8' title="bbox 285 1561 1233 1652; baseline -0.001 -27"><span class='ocrx_word' id='word_1_47' title='bbox 285 1561 411 1640; x_wconf 88' lang='lat' dir='ltr'>cedunt,</span> <span class='ocrx_word' id='word_1_48' title='bbox 420 1564 481 1628; x_wconf 90' lang='lat' dir='ltr'>hoo</span> <span class='ocrx_word' id='word_1_49' title='bbox 496 1587 600 1629; x_wconf 88' lang='lat' dir='ltr'>nonne</span> <span class='ocrx_word' id='word_1_50' title='bbox 614 1578 662 1630; x_wconf 92' lang='lat' dir='ltr'>est</span> <span class='ocrx_word' id='word_1_51' title='bbox 673 1588 856 1652; x_wconf 85' lang='lat' dir='ltr'>expressum</span> <span class='ocrx_word' id='word_1_52' title='bbox 873 1578 1009 1643; x_wconf 86' lang='lat' dir='ltr'>naturae,</span> <span class='ocrx_word' id='word_1_53' title='bbox 1018 1563 1105 1649; x_wconf 91' lang='lat' dir='ltr'>apud</span> <span class='ocrx_word' id='word_1_54' title='bbox 1122 1564 1233 1626; x_wconf 90' lang='lat' dir='ltr'>huma·</span> 
     </span>
     <span class='ocr_line' id='line_1_9' title="bbox 285 1666 746 1754; baseline 0.015 -28"><span class='ocrx_word' id='word_1_55' title='bbox 285 1686 354 1728; x_wconf 92' lang='lat' dir='ltr'>nam</span> <span class='ocrx_word' id='word_1_56' title='bbox 369 1666 535 1746; x_wconf 91' lang='lat' dir='ltr'>rationem,</span> <span class='ocrx_word' id='word_1_57' title='bbox 550 1669 746 1754; x_wconf 84' lang='lat' dir='ltr'>vestigium?</span> 
     </span>
    </p>
   </div>
   <div class='ocr_carea' id='block_1_3' title="bbox 285 1851 1232 2144">
    <p class='ocr_par' dir='ltr' id='par_1_3' title="bbox 285 1851 1232 2144">
     <span class='ocr_line' id='line_1_10' title="bbox 285 1851 1232 1940; baseline 0.001 -27"><span class='ocrx_word' id='word_1_58' title='bbox 285 1851 361 1938; x_wconf 89' lang='lat' dir='ltr'>Cap.</span> <span class='ocrx_word' id='word_1_59' title='bbox 379 1855 430 1918; x_wconf 82' lang='lat'>15.</span> <span class='ocrx_word' id='word_1_60' title='bbox 456 1859 548 1931; x_wconf 84' lang='lat' dir='ltr'>Quod</span> <span class='ocrx_word' id='word_1_61' title='bbox 568 1859 727 1940; x_wconf 70' lang='lat' dir='ltr'>odJ‘eott&#39;vo</span> <span class='ocrx_word' id='word_1_62' title='bbox 747 1857 901 1922; x_wconf 67' lang='lat' dir='ltr'>secundos</span> <span class='ocrx_word' id='word_1_63' title='bbox 920 1855 1142 1937; x_wconf 77' lang='lat' dir='ltr'>impositionis,</span> <span class='ocrx_word' id='word_1_64' title='bbox 1161 1853 1232 1915; x_wconf 85' lang='lat' dir='ltr'>sub-</span> 
     </span>
     <span class='ocr_line' id='line_1_11' title="bbox 324 1960 1232 2043; baseline 0.002 -26"><span class='ocrx_word' id='word_1_65' title='bbox 324 1961 475 2021; x_wconf 81' lang='lat' dir='ltr'>stonta‘oia</span> <span class='ocrx_word' id='word_1_66' title='bbox 499 1962 619 2041; x_wconf 70' lang='lat' dir='ltr'>primae</span> <span class='ocrx_word' id='word_1_67' title='bbox 644 1982 710 2025; x_wconf 81' lang='lat' dir='ltr'>non</span> <span class='ocrx_word' id='word_1_68' title='bbox 737 1967 812 2043; x_wconf 85' lang='lat' dir='ltr'>apte</span> <span class='ocrx_word' id='word_1_69' title='bbox 836 1960 1042 2042; x_wconf 78' lang='lat' dir='ltr'>copulantur,</span> <span class='ocrx_word' id='word_1_70' title='bbox 1068 1963 1232 2038; x_wconf 78' lang='lat' dir='ltr'>alequas</span> 
     </span>
     <span class='ocr_line' id='line_1_12' title="bbox 320 2064 573 2144; baseline 0.016 -22"><span class='ocrx_word' id='word_1_71' title='bbox 320 2064 573 2144; x_wconf 81' lang='lat' dir='ltr'>patronymicus.</span> 
     </span>
    </p>
   </div>
   <div class='ocr_carea' id='block_1_4' title="bbox 264 2179 1230 4499">
    <p class='ocr_par' dir='ltr' id='par_1_4' title="bbox 264 2179 1230 4499">
     <span class='ocr_line' id='line_1_13' title="bbox 324 2179 1230 2266; baseline 0.003 -26"><span class='ocrx_word' id='word_1_72' title='bbox 324 2179 512 2244; x_wconf 73' lang='lat' dir='ltr'>Paocnnsr</span> <span class='ocrx_word' id='word_1_73' title='bbox 528 2183 607 2248; x_wconf 90' lang='lat' dir='ltr'>ratio</span> <span class='ocrx_word' id='word_1_74' title='bbox 622 2183 661 2247; x_wconf 87' lang='lat' dir='ltr'>ad</span> <span class='ocrx_word' id='word_1_75' title='bbox 678 2184 825 2248; x_wconf 90' lang='lat' dir='ltr'>secundae</span> <span class='ocrx_word' id='word_1_76' title='bbox 840 2180 1050 2266; x_wconf 77' lang='lat' dir='ltr'>impositionis</span> <span class='ocrx_word' id='word_1_77' title='bbox 1064 2179 1230 2265; x_wconf 84' lang='lat' dir='ltr'>originem,</span> 
     </span>
     <span class='ocr_line' id='line_1_14' title="bbox 281 2279 1228 2371; baseline 0.005 -31"><span class='ocrx_word' id='word_1_78' title='bbox 281 2279 349 2356; x_wconf 92' lang='lat' dir='ltr'>ubi,</span> <span class='ocrx_word' id='word_1_79' title='bbox 364 2280 424 2346; x_wconf 87' lang='lat' dir='ltr'>etsi</span> <span class='ocrx_word' id='word_1_80' title='bbox 445 2306 507 2348; x_wconf 94' lang='lat' dir='ltr'>non</span> <span class='ocrx_word' id='word_1_81' title='bbox 530 2297 594 2348; x_wconf 87' lang='lat' dir='ltr'>tam</span> <span class='ocrx_word' id='word_1_82' title='bbox 615 2285 751 2371; x_wconf 88' lang='lat' dir='ltr'>liquido,</span> <span class='ocrx_word' id='word_1_83' title='bbox 768 2282 959 2349; x_wconf 91' lang='lat' dir='ltr'>dominantis</span> <span class='ocrx_word' id='word_1_84' title='bbox 980 2296 1084 2347; x_wconf 89' lang='lat' dir='ltr'>tamen</span> <span class='ocrx_word' id='word_1_85' title='bbox 1103 2295 1228 2348; x_wconf 85' lang='lat' dir='ltr'>naturae</span> 
     </span>
     <span class='ocr_line' id='line_1_15' title="bbox 280 2380 1227 2473; baseline 0.006 -31"><span class='ocrx_word' id='word_1_86' title='bbox 280 2380 377 2445; x_wconf 88' lang='lat' dir='ltr'>claret</span> <span class='ocrx_word' id='word_1_87' title='bbox 392 2384 574 2450; x_wconf 88' lang='lat' dir='ltr'>auctoritas.</span> <span class='ocrx_word' id='word_1_88' title='bbox 606 2387 717 2450; x_wconf 86' lang='lat' dir='ltr'>Rebus</span> <span class='ocrx_word' id='word_1_89' title='bbox 733 2387 853 2473; x_wconf 91' lang='lat' dir='ltr'>itaque,</span> <span class='ocrx_word' id='word_1_90' title='bbox 867 2399 902 2450; x_wconf 93' lang='lat' dir='ltr'>ut</span> <span class='ocrx_word' id='word_1_91' title='bbox 917 2385 1040 2449; x_wconf 90' lang='lat' dir='ltr'>dictum</span> <span class='ocrx_word' id='word_1_92' title='bbox 1055 2396 1114 2463; x_wconf 90' lang='lat' dir='ltr'>est,</span> <span class='ocrx_word' id='word_1_93' title='bbox 1124 2406 1227 2470; x_wconf 93' lang='lat' dir='ltr'>quum</span> 
     </span>
     <span class='ocr_line' id='line_1_16' title="bbox 281 2485 1228 2575; baseline 0.007 -31"><span class='ocrx_word' id='word_1_94' title='bbox 281 2485 407 2549; x_wconf 89' lang='lat' dir='ltr'>nomina</span> <span class='ocrx_word' id='word_1_95' title='bbox 418 2487 567 2571; x_wconf 91' lang='lat' dir='ltr'>primitus</span> <span class='ocrx_word' id='word_1_96' title='bbox 576 2503 678 2554; x_wconf 90' lang='lat' dir='ltr'>essent</span> <span class='ocrx_word' id='word_1_97' title='bbox 687 2490 845 2575; x_wconf 88' lang='lat' dir='ltr'>imposita,</span> <span class='ocrx_word' id='word_1_98' title='bbox 855 2510 999 2552; x_wconf 85' lang='lat' dir='ltr'>reversus</span> <span class='ocrx_word' id='word_1_99' title='bbox 1010 2485 1050 2550; x_wconf 88' lang='lat' dir='ltr'>ad</span> <span class='ocrx_word' id='word_1_100' title='bbox 1063 2510 1094 2550; x_wconf 90' lang='lat' dir='ltr'>se</span> <span class='ocrx_word' id='word_1_101' title='bbox 1104 2488 1228 2551; x_wconf 90' lang='lat' dir='ltr'>animus</span> 
     </span>
     <span class='ocr_line' id='line_1_17' title="bbox 280 2583 1229 2674; baseline 0.006 -28"><span class='ocrx_word' id='word_1_102' title='bbox 280 2583 482 2670; x_wconf 89' lang='lat' dir='ltr'>imponentis,</span> <span class='ocrx_word' id='word_1_103' title='bbox 493 2588 569 2674; x_wconf 91' lang='lat' dir='ltr'>ipsis</span> <span class='ocrx_word' id='word_1_104' title='bbox 584 2590 765 2654; x_wconf 90' lang='lat' dir='ltr'>nominibus</span> <span class='ocrx_word' id='word_1_105' title='bbox 777 2587 931 2654; x_wconf 91' lang='lat' dir='ltr'>vocabula</span> <span class='ocrx_word' id='word_1_106' title='bbox 946 2586 1073 2665; x_wconf 92' lang='lat' dir='ltr'>indidit,</span> <span class='ocrx_word' id='word_1_107' title='bbox 1081 2610 1139 2673; x_wconf 90' lang='lat' dir='ltr'>per</span> <span class='ocrx_word' id='word_1_108' title='bbox 1154 2611 1229 2673; x_wconf 86' lang='lat' dir='ltr'>quae</span> 
     </span>
     <span class='ocr_line' id='line_1_18' title="bbox 280 2689 1229 2778; baseline 0.004 -29"><span class='ocrx_word' id='word_1_109' title='bbox 280 2708 457 2753; x_wconf 85' lang='lat' dir='ltr'>sermonum</span> <span class='ocrx_word' id='word_1_110' title='bbox 475 2690 619 2756; x_wconf 86' lang='lat' dir='ltr'>doctrina</span> <span class='ocrx_word' id='word_1_111' title='bbox 634 2692 837 2778; x_wconf 89' lang='lat' dir='ltr'>procederet;</span> <span class='ocrx_word' id='word_1_112' title='bbox 865 2691 943 2754; x_wconf 93' lang='lat' dir='ltr'>dum</span> <span class='ocrx_word' id='word_1_113' title='bbox 963 2711 1073 2753; x_wconf 91' lang='lat' dir='ltr'>eorum</span> <span class='ocrx_word' id='word_1_114' title='bbox 1095 2689 1229 2753; x_wconf 89' lang='lat' dir='ltr'>admini-</span> 
     </span>
     <span class='ocr_line' id='line_1_19' title="bbox 278 2787 1228 2878; baseline 0.006 -30"><span class='ocrx_word' id='word_1_115' title='bbox 278 2787 361 2865; x_wconf 91' lang='lat' dir='ltr'>culo,</span> <span class='ocrx_word' id='word_1_116' title='bbox 377 2790 468 2869; x_wconf 87' lang='lat' dir='ltr'>alter,</span> <span class='ocrx_word' id='word_1_117' title='bbox 484 2793 517 2856; x_wconf 93' lang='lat' dir='ltr'>in</span> <span class='ocrx_word' id='word_1_118' title='bbox 533 2808 672 2860; x_wconf 91' lang='lat' dir='ltr'>mentem</span> <span class='ocrx_word' id='word_1_119' title='bbox 692 2794 824 2859; x_wconf 88' lang='lat' dir='ltr'>alterius</span> <span class='ocrx_word' id='word_1_120' title='bbox 844 2815 938 2857; x_wconf 89' lang='lat' dir='ltr'>suum</span> <span class='ocrx_word' id='word_1_121' title='bbox 960 2791 1119 2878; x_wconf 85' lang='lat' dir='ltr'>trajiceret</span> <span class='ocrx_word' id='word_1_122' title='bbox 1135 2790 1228 2855; x_wconf 90' lang='lat' dir='ltr'>intel-</span> 
     </span>
     <span class='ocr_line' id='line_1_20' title="bbox 278 2888 1228 2982; baseline 0.006 -30"><span class='ocrx_word' id='word_1_123' title='bbox 278 2888 407 2957; x_wconf 90' lang='lat' dir='ltr'>lectum.</span> <span class='ocrx_word' id='word_1_124' title='bbox 450 2895 541 2980; x_wconf 87' lang='lat' dir='ltr'>Ergo</span> <span class='ocrx_word' id='word_1_125' title='bbox 563 2897 650 2982; x_wconf 93' lang='lat' dir='ltr'>quod</span> <span class='ocrx_word' id='word_1_126' title='bbox 672 2895 837 2962; x_wconf 86' lang='lat' dir='ltr'>casualiter</span> <span class='ocrx_word' id='word_1_127' title='bbox 855 2894 1006 2974; x_wconf 88' lang='lat' dir='ltr'>flectitur,</span> <span class='ocrx_word' id='word_1_128' title='bbox 1021 2908 1053 2958; x_wconf 87' lang='lat' dir='ltr'>et</span> <span class='ocrx_word' id='word_1_129' title='bbox 1076 2898 1228 2980; x_wconf 88' lang='lat' dir='ltr'>temporis</span> 
     </span>
     <span class='ocr_line' id='line_1_21' title="bbox 278 2994 1226 3081; baseline 0.004 -26"><span class='ocrx_word' id='word_1_130' title='bbox 278 3015 391 3078; x_wconf 83' lang='lat' dir='ltr'>expers</span> <span class='ocrx_word' id='word_1_131' title='bbox 405 3009 463 3076; x_wconf 88' lang='lat' dir='ltr'>est,</span> <span class='ocrx_word' id='word_1_132' title='bbox 472 2996 594 3062; x_wconf 89' lang='lat' dir='ltr'>dictum</span> <span class='ocrx_word' id='word_1_133' title='bbox 610 3012 656 3064; x_wconf 91' lang='lat' dir='ltr'>est</span> <span class='ocrx_word' id='word_1_134' title='bbox 670 3022 782 3062; x_wconf 90' lang='lat' dir='ltr'>nomen</span> <span class='ocrx_word' id='word_1_135' title='bbox 794 2998 1032 3062; x_wconf 90' lang='lat' dir='ltr'>substantivum</span> <span class='ocrx_word' id='word_1_136' title='bbox 1048 2994 1190 3081; x_wconf 90' lang='lat' dir='ltr'>quidem,</span> <span class='ocrx_word' id='word_1_137' title='bbox 1201 2996 1226 3059; x_wconf 94' lang='lat' dir='ltr'>si</span> 
     </span>
     <span class='ocr_line' id='line_1_22' title="bbox 280 3094 1225 3184; baseline 0.002 -28"><span class='ocrx_word' id='word_1_138' title='bbox 280 3094 488 3162; x_wconf 87' lang='lat' dir='ltr'>substantiam</span> <span class='ocrx_word' id='word_1_139' title='bbox 504 3100 671 3184; x_wconf 81' lang='lat' dir='ltr'>significat,</span> <span class='ocrx_word' id='word_1_140' title='bbox 686 3115 743 3164; x_wconf 88' lang='lat' dir='ltr'>aut</span> <span class='ocrx_word' id='word_1_141' title='bbox 766 3099 975 3163; x_wconf 82' lang='lat' dir='ltr'>substantive.</span> <span class='ocrx_word' id='word_1_142' title='bbox 1009 3095 1225 3178; x_wconf 86' lang='lat' dir='ltr'>Adjectivum,</span> 
     </span>
     <span class='ocr_line' id='line_1_23' title="bbox 280 3192 1225 3279; baseline 0.005 -24"><span class='ocrx_word' id='word_1_143' title='bbox 280 3192 314 3255; x_wconf 93' lang='lat' dir='ltr'>id</span> <span class='ocrx_word' id='word_1_144' title='bbox 329 3196 415 3279; x_wconf 92' lang='lat' dir='ltr'>quod</span> <span class='ocrx_word' id='word_1_145' title='bbox 431 3198 615 3276; x_wconf 81' lang='lat' dir='ltr'>formaliter,</span> <span class='ocrx_word' id='word_1_146' title='bbox 627 3215 663 3265; x_wconf 93' lang='lat' dir='ltr'>ut</span> <span class='ocrx_word' id='word_1_147' title='bbox 679 3201 722 3264; x_wconf 90' lang='lat' dir='ltr'>sic</span> <span class='ocrx_word' id='word_1_148' title='bbox 738 3199 801 3263; x_wconf 91' lang='lat' dir='ltr'>dici</span> <span class='ocrx_word' id='word_1_149' title='bbox 817 3198 919 3274; x_wconf 91' lang='lat' dir='ltr'>liceat,</span> <span class='ocrx_word' id='word_1_150' title='bbox 929 3197 1010 3259; x_wconf 90' lang='lat' dir='ltr'>inest</span> <span class='ocrx_word' id='word_1_151' title='bbox 1026 3193 1225 3275; x_wconf 85' lang='lat' dir='ltr'>substantiae,</span> 
     </span>
     <span class='ocr_line' id='line_1_24' title="bbox 279 3295 1224 3388; baseline 0.005 -30"><span class='ocrx_word' id='word_1_152' title='bbox 279 3295 329 3359; x_wconf 84' lang='lat' dir='ltr'>vel</span> <span class='ocrx_word' id='word_1_153' title='bbox 346 3296 466 3384; x_wconf 90' lang='lat' dir='ltr'>aliquid</span> <span class='ocrx_word' id='word_1_154' title='bbox 485 3302 527 3365; x_wconf 86' lang='lat' dir='ltr'>ad</span> <span class='ocrx_word' id='word_1_155' title='bbox 547 3303 716 3388; x_wconf 80' lang='lat' dir='ltr'>imaginem</span> <span class='ocrx_word' id='word_1_156' title='bbox 734 3302 814 3387; x_wconf 89' lang='lat' dir='ltr'>ejus.</span> <span class='ocrx_word' id='word_1_157' title='bbox 861 3297 956 3375; x_wconf 85' lang='lat' dir='ltr'>Quod</span> <span class='ocrx_word' id='word_1_158' title='bbox 975 3307 1081 3360; x_wconf 91' lang='lat' dir='ltr'>autem</span> <span class='ocrx_word' id='word_1_159' title='bbox 1101 3309 1224 3363; x_wconf 91' lang='lat' dir='ltr'>motum</span> 
     </span>
     <span class='ocr_line' id='line_1_25' title="bbox 277 3399 1223 3493; baseline 0.005 -30"><span class='ocrx_word' id='word_1_160' title='bbox 277 3400 344 3486; x_wconf 90' lang='lat' dir='ltr'>ejus</span> <span class='ocrx_word' id='word_1_161' title='bbox 359 3401 513 3487; x_wconf 84' lang='lat' dir='ltr'>significat</span> <span class='ocrx_word' id='word_1_162' title='bbox 529 3407 734 3493; x_wconf 90' lang='lat' dir='ltr'>temporalem</span> <span class='ocrx_word' id='word_1_163' title='bbox 753 3404 810 3485; x_wconf 81' lang='lat' dir='ltr'>(ita</span> <span class='ocrx_word' id='word_1_164' title='bbox 824 3417 928 3468; x_wconf 89' lang='lat' dir='ltr'>tamen</span> <span class='ocrx_word' id='word_1_165' title='bbox 945 3414 982 3467; x_wconf 95' lang='lat' dir='ltr'>ut</span> <span class='ocrx_word' id='word_1_166' title='bbox 997 3399 1223 3489; x_wconf 87' lang='lat' dir='ltr'>temporaliter)</span> 
     </span>
     <span class='ocr_line' id='line_1_26' title="bbox 277 3502 1224 3594; baseline 0.01 -31"><span class='ocrx_word' id='word_1_167' title='bbox 277 3502 405 3568; x_wconf 87' lang='lat' dir='ltr'>verbum</span> <span class='ocrx_word' id='word_1_168' title='bbox 421 3522 469 3571; x_wconf 86' lang='lat' dir='ltr'>est</span> <span class='ocrx_word' id='word_1_169' title='bbox 484 3507 691 3594; x_wconf 86' lang='lat' dir='ltr'>appellatum.</span> <span class='ocrx_word' id='word_1_170' title='bbox 722 3506 878 3572; x_wconf 88' lang='lat' dir='ltr'>Activum</span> <span class='ocrx_word' id='word_1_171' title='bbox 893 3503 1034 3590; x_wconf 90' lang='lat' dir='ltr'>quidem,</span> <span class='ocrx_word' id='word_1_172' title='bbox 1047 3503 1072 3567; x_wconf 94' lang='lat' dir='ltr'>si</span> <span class='ocrx_word' id='word_1_173' title='bbox 1087 3527 1172 3585; x_wconf 91' lang='lat' dir='ltr'>eum,</span> <span class='ocrx_word' id='word_1_174' title='bbox 1186 3522 1224 3572; x_wconf 91' lang='lat' dir='ltr'>ut</span> 
     </span>
     <span class='ocr_line' id='line_1_27' title="bbox 275 3603 1223 3695; baseline 0.005 -28"><span class='ocrx_word' id='word_1_175' title='bbox 275 3603 305 3668; x_wconf 90' lang='lat' dir='ltr'>in</span> <span class='ocrx_word' id='word_1_176' title='bbox 321 3621 451 3692; x_wconf 85' lang='lat' dir='ltr'>agente;</span> <span class='ocrx_word' id='word_1_177' title='bbox 473 3609 683 3695; x_wconf 87' lang='lat' dir='ltr'>passivum,si</span> <span class='ocrx_word' id='word_1_178' title='bbox 699 3621 735 3672; x_wconf 93' lang='lat' dir='ltr'>ut</span> <span class='ocrx_word' id='word_1_179' title='bbox 751 3608 782 3671; x_wconf 93' lang='lat' dir='ltr'>in</span> <span class='ocrx_word' id='word_1_180' title='bbox 797 3606 937 3693; x_wconf 90' lang='lat' dir='ltr'>patiente</span> <span class='ocrx_word' id='word_1_181' title='bbox 953 3604 1119 3689; x_wconf 87' lang='lat' dir='ltr'>significat.</span> <span class='ocrx_word' id='word_1_182' title='bbox 1166 3609 1223 3672; x_wconf 85' lang='lat' dir='ltr'>Ad</span> 
     </span>
     <span class='ocr_line' id='line_1_28' title="bbox 276 3706 1222 3797; baseline 0.005 -28"><span class='ocrx_word' id='word_1_183' title='bbox 276 3706 518 3774; x_wconf 88' lang='lat' dir='ltr'>similitudinem</span> <span class='ocrx_word' id='word_1_184' title='bbox 542 3714 651 3797; x_wconf 84' lang='lat' dir='ltr'>itaque</span> <span class='ocrx_word' id='word_1_185' title='bbox 671 3710 847 3777; x_wconf 88' lang='lat' dir='ltr'>dictionum</span> <span class='ocrx_word' id='word_1_186' title='bbox 869 3708 980 3794; x_wconf 85' lang='lat' dir='ltr'>primae</span> <span class='ocrx_word' id='word_1_187' title='bbox 1000 3708 1222 3793; x_wconf 88' lang='lat' dir='ltr'>impositionis,</span> 
     </span>
     <span class='ocr_line' id='line_1_29' title="bbox 273 3812 1224 3900; baseline 0.004 -26"><span class='ocrx_word' id='word_1_188' title='bbox 273 3834 392 3890; x_wconf 87' lang='lat' dir='ltr'>earum,</span> <span class='ocrx_word' id='word_1_189' title='bbox 409 3837 484 3900; x_wconf 83' lang='lat' dir='ltr'>quae</span> <span class='ocrx_word' id='word_1_190' title='bbox 506 3815 693 3879; x_wconf 87' lang='lat' dir='ltr'>secundario</span> <span class='ocrx_word' id='word_1_191' title='bbox 710 3825 944 3899; x_wconf 89' lang='lat' dir='ltr'>processerunt,</span> <span class='ocrx_word' id='word_1_192' title='bbox 964 3812 1049 3876; x_wconf 83' lang='lat' dir='ltr'>facta</span> <span class='ocrx_word' id='word_1_193' title='bbox 1067 3824 1115 3875; x_wconf 91' lang='lat' dir='ltr'>est</span> <span class='ocrx_word' id='word_1_194' title='bbox 1132 3814 1224 3878; x_wconf 90' lang='lat' dir='ltr'>insti-</span> 
     </span>
     <span class='ocr_line' id='line_1_30' title="bbox 271 3913 1220 4002; baseline 0.001 -23"><span class='ocrx_word' id='word_1_195' title='bbox 271 3915 372 3980; x_wconf 90' lang='lat' dir='ltr'>tutio:</span> <span class='ocrx_word' id='word_1_196' title='bbox 397 3929 433 3980; x_wconf 91' lang='lat' dir='ltr'>ut</span> <span class='ocrx_word' id='word_1_197' title='bbox 459 3917 729 4002; x_wconf 89' lang='lat' dir='ltr'>quemadmodum</span> <span class='ocrx_word' id='word_1_198' title='bbox 754 3915 788 3979; x_wconf 95' lang='lat' dir='ltr'>in</span> <span class='ocrx_word' id='word_1_199' title='bbox 814 3913 886 3990; x_wconf 87' lang='lat' dir='ltr'>illis,</span> <span class='ocrx_word' id='word_1_200' title='bbox 913 3927 978 3977; x_wconf 91' lang='lat' dir='ltr'>tam</span> <span class='ocrx_word' id='word_1_201' title='bbox 1002 3913 1220 3995; x_wconf 86' lang='lat' dir='ltr'>substantivis,</span> 
     </span>
     <span class='ocr_line' id='line_1_31' title="bbox 269 4016 1219 4106; baseline -0.001 -23"><span class='ocrx_word' id='word_1_202' title='bbox 269 4041 365 4104; x_wconf 91' lang='lat' dir='ltr'>quam</span> <span class='ocrx_word' id='word_1_203' title='bbox 389 4019 568 4106; x_wconf 89' lang='lat' dir='ltr'>adjectivis,</span> <span class='ocrx_word' id='word_1_204' title='bbox 585 4019 735 4085; x_wconf 90' lang='lat' dir='ltr'>dicuntur</span> <span class='ocrx_word' id='word_1_205' title='bbox 758 4016 906 4099; x_wconf 77' lang='lat' dir='ltr'>quiedam</span> <span class='ocrx_word' id='word_1_206' title='bbox 929 4016 1058 4102; x_wconf 88' lang='lat' dir='ltr'>propria</span> <span class='ocrx_word' id='word_1_207' title='bbox 1080 4017 1219 4101; x_wconf 86' lang='lat' dir='ltr'>singulo-</span> 
     </span>
     <span class='ocr_line' id='line_1_32' title="bbox 269 4117 1220 4206; baseline 0 -24"><span class='ocrx_word' id='word_1_208' title='bbox 269 4142 352 4198; x_wconf 87' lang='lat' dir='ltr'>rum,</span> <span class='ocrx_word' id='word_1_209' title='bbox 375 4119 440 4184; x_wconf 88' lang='lat' dir='ltr'>alia</span> <span class='ocrx_word' id='word_1_210' title='bbox 461 4119 604 4206; x_wconf 88' lang='lat' dir='ltr'>plurium</span> <span class='ocrx_word' id='word_1_211' title='bbox 626 4132 701 4185; x_wconf 91' lang='lat' dir='ltr'>sunt</span> <span class='ocrx_word' id='word_1_212' title='bbox 723 4142 780 4184; x_wconf 88' lang='lat' dir='ltr'>sua</span> <span class='ocrx_word' id='word_1_213' title='bbox 801 4117 922 4184; x_wconf 88' lang='lat' dir='ltr'>ratione</span> <span class='ocrx_word' id='word_1_214' title='bbox 944 4117 1142 4187; x_wconf 85' lang='lat' dir='ltr'>communia;</span> <span class='ocrx_word' id='word_1_215' title='bbox 1173 4117 1220 4182; x_wconf 89' lang='lat' dir='ltr'>ita</span> 
     </span>
     <span class='ocr_line' id='line_1_33' title="bbox 267 4218 1220 4305; baseline -0.015 -19"><span class='ocrx_word' id='word_1_216' title='bbox 267 4223 417 4305; x_wconf 74' lang='lat' dir='ltr'>quasdam</span> <span class='ocrx_word' id='word_1_217' title='bbox 434 4218 639 4303; x_wconf 86' lang='lat' dir='ltr'>singulariter</span> <span class='ocrx_word' id='word_1_218' title='bbox 653 4220 750 4299; x_wconf 89' lang='lat' dir='ltr'>dicta,</span> <span class='ocrx_word' id='word_1_219' title='bbox 764 4218 911 4304; x_wconf 76' lang='lat' dir='ltr'>quaedam</span> <span class='ocrx_word' id='word_1_220' title='bbox 927 4227 1058 4300; x_wconf 86' lang='lat' dir='ltr'>accepta</span> <span class='ocrx_word' id='word_1_221' title='bbox 1077 4233 1220 4278; x_wconf 90' lang='lat' dir='ltr'>commu.</span> 
     </span>
     <span class='ocr_line' id='line_1_34' title="bbox 265 4312 1217 4400; baseline -0.004 -16"><span class='ocrx_word' id='word_1_222' title='bbox 265 4322 349 4387; x_wconf 86' lang='lat' dir='ltr'>niter</span> <span class='ocrx_word' id='word_1_223' title='bbox 363 4319 571 4388; x_wconf 87' lang='lat' dir='ltr'>inveniantur</span> <span class='ocrx_word' id='word_1_224' title='bbox 584 4323 616 4387; x_wconf 90' lang='lat' dir='ltr'>in</span> <span class='ocrx_word' id='word_1_225' title='bbox 631 4322 711 4387; x_wconf 88' lang='lat' dir='ltr'>istis.</span> <span class='ocrx_word' id='word_1_226' title='bbox 750 4321 844 4398; x_wconf 82' lang='lat' dir='ltr'>Quod</span> <span class='ocrx_word' id='word_1_227' title='bbox 860 4323 944 4384; x_wconf 88' lang='lat' dir='ltr'>enim</span> <span class='ocrx_word' id='word_1_228' title='bbox 959 4335 1073 4380; x_wconf 89' lang='lat' dir='ltr'>nomen</span> <span class='ocrx_word' id='word_1_229' title='bbox 1088 4312 1217 4400; x_wconf 91' lang='lat' dir='ltr'>dicitur,</span> 
     </span>
     <span class='ocr_line' id='line_1_35' title="bbox 264 4411 1214 4499; baseline -0.004 -13"><span class='ocrx_word' id='word_1_230' title='bbox 264 4438 318 4489; x_wconf 90' lang='lat' dir='ltr'>aut</span> <span class='ocrx_word' id='word_1_231' title='bbox 334 4421 531 4499; x_wconf 85' lang='lat' dir='ltr'>enunciatio,</span> <span class='ocrx_word' id='word_1_232' title='bbox 546 4423 585 4487; x_wconf 91' lang='lat' dir='ltr'>ad</span> <span class='ocrx_word' id='word_1_233' title='bbox 604 4423 874 4488; x_wconf 89' lang='lat' dir='ltr'>substantivorum</span> <span class='ocrx_word' id='word_1_234' title='bbox 898 4415 1020 4484; x_wconf 88' lang='lat' dir='ltr'>accedit</span> <span class='ocrx_word' id='word_1_235' title='bbox 1043 4411 1214 4482; x_wconf 89' lang='lat' dir='ltr'>rationem:</span> 
     </span>
    </p>
   </div>
   <div class='ocr_carea' id='block_1_5' title="bbox 0 0 1500 5592">
    <p class='ocr_par' dir='ltr' id='par_1_5' title="bbox 0 0 1500 5592">
     <span class='ocr_line' id='line_1_36' title="bbox 0 0 1500 5592; baseline 0 7"><span class='ocrx_word' id='word_1_236' title='bbox 0 0 1500 5592; x_wconf 95' lang='lat' dir='ltr'> </span> 
     </span>
    </p>
   </div>
  </div>
 </body>
</html>
