2992 5592
270 816 331 861 car.
346 798 427 878 xm]
614 814 853 860 norlaomcrs.
1163 805 1223 864 105

269 965 342 1030 sicut
366 965 507 1030 materia
528 965 622 1030 habet
647 978 683 1030 ut
706 967 805 1051 possit
828 967 886 1030 boc
908 989 986 1040 esse,
1006 981 1063 1033 aut
1086 980 1220 1044 tautum,

269 1080 318 1131 aut
334 1068 419 1133 tale:
454 1066 500 1131 sic
515 1080 546 1132 et
562 1068 672 1132 formoe
687 1068 807 1133 babent
822 1091 841 1132 a
855 1068 1018 1134 conditore
1041 1083 1076 1135 ut
1099 1073 1220 1157 possint

269 1172 310 1236 vel
326 1172 401 1252 hoc,
417 1171 470 1235 vel
486 1171 606 1257 aliquid
631 1172 745 1248 lacero,
763 1184 842 1258 puta
864 1170 991 1251 animal,
1008 1186 1064 1238 aut
1088 1173 1220 1260 lignum,

268 1295 320 1340 aut
342 1287 485 1349 tautum,
502 1289 559 1338 aut
583 1274 656 1338 tale.
704 1277 863 1339 Caetrrnm
887 1273 946 1339 etsi
969 1275 1128 1352 mathesis,
1149 1302 1220 1364 quae

268 1377 487 1443 doctrinaliter
501 1379 533 1441 iu
550 1377 817 1444 abstractionibus
830 1393 984 1455 versatur,
996 1391 1028 1443 ct
1044 1380 1222 1445 subtilitate

269 1500 334 1555 soa,
364 1477 553 1544 naturaliter
580 1481 763 1565 conjuncta,
791 1478 957 1564 disjungit,
986 1478 1054 1541 baec
1083 1478 1220 1543 vicissim

269 1580 504 1667 separatimque
520 1579 682 1659 discutiat,
699 1594 736 1645 ut
752 1595 866 1644 natura
882 1581 1127 1666 compositorum
1144 1581 1220 1645 fide·

268 1682 322 1749 lius
336 1697 369 1747 et
385 1683 570 1769 expressius
581 1697 745 1748 teneatur:
769 1696 873 1746 tamen
889 1682 1026 1746 alterum
1042 1683 1109 1746 sine
1120 1682 1220 1747 altero

266 1808 330 1850 asse
345 1807 411 1848 non
428 1798 546 1871 potest,
562 1798 596 1850 ut
612 1784 661 1849 vel
678 1788 810 1850 materia
826 1784 866 1848 sit
882 1783 1038 1861 informis,
1056 1784 1103 1848 vel
1120 1785 1221 1849 forma

266 1887 328 1952 une
350 1887 499 1974 subjecto
525 1883 565 1950 sit
591 1887 705 1972 majus.
750 1887 896 1950 Alterius
922 1889 968 1949 alc
992 1889 1096 1951 altem
1120 1891 1221 1971 meat

266 2011 352 2074 opem
368 2011 432 2066 res,
448 1996 480 2053 el
501 1992 651 2070 conjurat
672 1992 783 2053 amice.
829 1987 926 2051 Unde
946 1989 988 2053 ab
1011 1987 1101 2053 initio
1115 2005 1221 2055 creata

267 2107 484 2158 memorantur
514 2092 627 2158 coelum
657 2105 689 2157 et
724 2106 820 2169 terra,
850 2091 965 2156 deinde
994 2107 1124 2159 ornatus
1154 2108 1217 2161 tam

265 2216 388 2271 eorum,
401 2215 497 2280 qoam
515 2192 641 2256 illorum
658 2216 731 2279 quae
743 2194 910 2278 interjecta
925 2206 997 2260 sunt
1010 2195 1124 2274 media,
1136 2198 1220 2262 inter

266 2297 370 2379 ignem
387 2307 418 2359 et
435 2316 563 2379 aquam,
578 2316 651 2380 quae
672 2294 764 2381 quasi
787 2295 889 2380 prima
912 2295 1063 2360 mundani
1079 2300 1220 2384 corporis

264 2396 474 2461 fundamenta
484 2395 562 2480 jecit
577 2400 685 2461 Deus:
716 2412 749 2462 et
765 2397 796 2460 in
813 2400 881 2483 ipsa
896 2400 1096 2485 expressione
1111 2425 1217 2467 rerum

266 2498 375 2564 habita
389 2512 437 2565 est
453 2497 572 2563 mentio
587 2499 773 2584 specierum.
813 2504 885 2566 Non
902 2500 1025 2566 illarum
1043 2503 1125 2580 dico,
1138 2530 1219 2591 quas

268 2602 378 2687 Logici
394 2602 522 2687 fingunt
538 2623 600 2665 nou
616 2601 771 2667 obnoxias
785 2603 936 2668 creatori:
962 2604 1016 2667 sed
1031 2605 1218 2687 formarum,

268 2703 435 2791 inquibus
450 2725 502 2769 res
517 2703 702 2790 prodierunt
726 2709 829 2792 primo
843 2706 873 2769 in
889 2707 1055 2770 essentiam
1071 2728 1171 2784 suam,
1187 2724 1219 2775 et

267 2808 296 2872 in
319 2808 498 2871 humanum
525 2807 720 2872 intellectum
747 2808 895 2872 demum:
934 2831 1005 2872 nam
1030 2808 1089 2872 hoc
1114 2809 1218 2895 ipsum

268 2910 353 2996 quod
369 2909 491 2995 aliquid
507 2909 635 2987 coelum,
650 2924 706 2974 aut
724 2924 808 2974 terra
822 2909 950 2989 dicitur,
961 2911 1073 2974 formae
1087 2911 1219 2977 effectus

268 3024 323 3075 est.
371 3010 454 3074 Item
480 3007 644 3094 produxit,
660 3008 776 3093 iuquit,
801 3020 885 3072 terra
908 3008 1036 3071 herbam
1054 3007 1218 3087 virentem,

269 3126 301 3176 et
319 3111 442 3198 lignum
467 3115 529 3176 tale
545 3110 592 3174 vel
616 3110 695 3173 tale:
730 3123 766 3174 ut
789 3109 929 3173 materiae
951 3110 1069 3173 formas
1092 3110 1219 3176 doceret

268 3237 335 3278 esse
355 3226 526 3293 concretas,
542 3227 573 3277 et
596 3216 715 3290 Deum,
738 3212 822 3275 sicut
844 3211 963 3290 herbae,
984 3211 1030 3276 ita
1051 3229 1083 3277 et
1105 3214 1219 3279 viroris

267 3329 441 3381 auctorem.
488 3319 571 3380 Nam
587 3315 654 3378 sine
669 3339 706 3379 eo
729 3315 916 3378 factumest
940 3313 1035 3378 nibil:
1067 3317 1121 3381 sed
1145 3341 1219 3404 pro·

266 3416 350 3481 lecto
372 3414 525 3502 quicquid
548 3416 590 3480 ab
614 3436 677 3479 uno
703 3413 860 3501 principio
882 3427 939 3488 est,
964 3436 1062 3479 unum
1086 3440 1219 3484 numero

267 3528 325 3599 est,
339 3518 512 3604 ipsumque
527 3518 657 3593 bonum,
673 3518 738 3580 imo
759 3529 790 3581 ct
807 3515 898 3580 valde
921 3517 1051 3595 bonum,
1067 3521 1217 3606 quoniam

267 3618 308 3684 ab
321 3620 444 3706 optimo
459 3632 517 3684 est.
564 3618 670 3684 Voluit
684 3619 767 3682 enim
793 3619 882 3682 Deus
897 3632 1012 3684 cuncta
1033 3620 1146 3688 similia
1168 3626 1217 3690 sui

268 3721 359 3800 ellici,
374 3734 471 3808 prout
490 3734 605 3784 natura
627 3721 794 3806 cujusque,
809 3742 850 3784 ex
866 3721 982 3785 divinae
1004 3722 1220 3808 dispositionis

267 3824 405 3904 decreto,
416 3845 518 3910 capax
535 3822 685 3886 bonitatis
695 3846 762 3886 esse
774 3835 916 3909 poterat:
938 3838 969 3888 et
982 3824 1025 3889 sic
1036 3826 1121 3892 facta
1132 3845 1218 3909 sunt,

269 3926 467 4014 approbante
491 3928 573 4001 Deo,
590 3924 702 4011 opifice
725 3947 842 4001 rerum,
858 3944 971 3992 cuncta
992 3951 1065 4013 qoae
1087 3930 1218 4013 lecerat,

269 4029 359 4093 valde
382 4028 476 4092 bona.
522 4028 611 4111 Ergo
634 4030 660 4092 si
682 4050 798 4113 genera
820 4040 851 4092 et
874 4030 993 4115 speeies
1014 4054 1033 4093 a
1060 4035 1130 4096 Deo
1156 4057 1219 4100 non

268 4134 491 4212 sunt,omniuo
500 4128 578 4193 nibil
590 4142 674 4194 sunt.
709 4130 837 4207 Quodsi
849 4132 1100 4217 unumquodque
1108 4156 1218 4200 eorum

269 4233 404 4320 abipso
430 4246 490 4313 est,
514 4253 610 4295 unum
637 4232 740 4318 plane,
767 4245 800 4296 et
825 4233 909 4296 idem
935 4233 1054 4296 bonum
1081 4248 1138 4296 est.
1186 4238 1219 4300 Si

269 4347 372 4400 autem
396 4332 477 4420 quid
501 4353 596 4396 unum
621 4354 753 4396 numero
768 4348 826 4411 est,
842 4332 986 4418 protinus
1005 4343 1037 4393 et
1060 4330 1220 4415 singulare

271 4451 327 4502 est.
372 4440 458 4503 Nam
483 4433 569 4519 quod
593 4434 723 4518 quidam
748 4457 845 4500 unum
869 4431 989 4517 aliquid
1013 4430 1137 4513 dicunt,
1157 4458 1219 4502 non
