2992 5592
521 843 611 917 ¹vrm
628 841 744 888 sanem
763 843 890 887 vaona
907 842 1003 887 einr.
1160 826 1223 887 369

269 995 436 1058 blanditiis
458 996 602 1058 emolliri.
650 997 767 1059 Maluit
791 997 877 1059 enim
903 1017 1024 1078 pauper
1050 1015 1222 1079 pauperem

266 1096 360 1179 sequi
391 1096 564 1172 Christum,
590 1118 686 1180 qnam
716 1096 935 1179 derelinquere
961 1099 1064 1179 legem
1090 1096 1221 1170 Christi,

266 1218 333 1281 quo
348 1199 532 1261 consolante
552 1198 682 1281 adjutus
696 1207 745 1261 est
763 1219 939 1281 pauperum
958 1198 1221 1282 compatientium

267 1299 357 1361 brevi
373 1319 515 1361 numero.

311 1400 417 1475 Quum
442 1422 514 1463 vero
537 1414 610 1482 post
632 1403 814 1465 innumeras
837 1402 1024 1465 vexationes
1045 1412 1077 1465 ct
1091 1402 1223 1484 injurias

267 1501 396 1566 tandem
419 1502 506 1585 apud
529 1503 765 1567 clarendonam
786 1505 871 1586 regia
894 1506 1054 1567 voluntate
1076 1503 1222 1586 episcopi

267 1615 300 1667 et
314 1625 464 1686 proceres
478 1607 713 1682 convenissent,
725 1607 834 1686 exegit
849 1628 907 1668 rex
917 1605 1088 1668 instantius
1103 1615 1139 1666 nt
1153 1624 1220 1684 reg-

267 1705 301 1767 ni
317 1703 577 1782 consuetudines,
590 1727 670 1787 quos
686 1706 863 1769 secundum
883 1705 1129 1769 assentationem
1149 1724 1222 1788 pro·

268 1825 378 1868 cerum
393 1826 472 1868 evus
488 1827 565 1868 suus
580 1807 766 1868 observasse
782 1805 956 1883 videbatur,
968 1806 1098 1889 publice
1113 1825 1220 1867 recen-

268 1918 421 1979 serentur,
437 1917 470 1968 et
492 1926 646 1988 expresso
667 1917 699 1970 et
720 1907 868 1969 absoluto
889 1908 1032 1970 omnium
1054 1906 1224 1989 episcopo·

268 2027 339 2069 rum
370 2027 501 2069 assensu
529 2006 736 2083 firmarentur,
763 2008 852 2070 nulla
877 2009 1007 2071 omnino
1038 2006 1223 2070 conditione

268 2105 405 2191 adjecta.
447 2108 543 2179 Quod
559 2108 791 2193 archiepiscopi
808 2122 839 2172 et
853 2109 997 2192 episcopi
1012 2107 1224 2183 attendentes,

270 2220 427 2293 quantum
452 2210 545 2272 licuit
570 2211 723 2294 impedire
751 2222 805 2275 aut
830 2213 943 2275 saltem
969 2212 1093 2274 differre
1118 2206 1225 2272 conati

270 2320 356 2384 sunt,
372 2310 537 2373 metientes
559 2311 734 2395 periculum
756 2311 842 2395 quod
862 2313 937 2375 hirlc
960 2310 1036 2374 inde
1056 2309 1225 2374 inevitabi-

269 2410 340 2474 liter
369 2410 567 2473 imminebat.
621 2413 655 2474 Si
692 2415 777 2475 enim
807 2413 890 2475 vitiis
923 2414 1077 2496 pravitate
1106 2410 1226 2500 inplitis

270 2509 498 2583 consentirent,
522 2513 714 2593 sequebatur
735 2514 804 2576 sine
832 2513 930 2575 dubio
953 2512 1028 2574 fidei
1051 2512 1226 2593 salutisque

272 2610 453 2674 discrimen.
499 2612 534 2673 Si
559 2633 632 2673 vero
656 2612 907 2690 adversarentur,
932 2633 998 2695 pax
1023 2613 1168 2674 ecclesiae
1193 2620 1227 2672 et

270 2712 475 2775 incolumitas
499 2713 571 2775 vitae
595 2713 688 2774 certis
711 2725 777 2775 erat
800 2712 925 2795 objecta
948 2712 1109 2794 periculis.
1154 2711 1225 2774 Nec

266 2812 354 2896 justa
369 2812 502 2875 timendi
517 2833 616 2876 causa
636 2811 754 2891 deerat,
770 2834 867 2897 quum
889 2813 1065 2876 secundum
1081 2813 1226 2876 Salomo-

271 2933 362 2976 nem:
392 2911 483 2976 Sicut
496 2914 642 2977 fremitus
656 2916 771 2992 leouis,
786 2917 829 2978 ita
849 2929 881 2979 et
895 2916 942 2978 ira
955 2914 1047 2996 regis.
1097 2911 1227 2976 Pondus

271 3027 378 3078 autem
393 3015 469 3077 belli
483 3015 517 3077 irr
534 3013 815 3100 archiepiscopum
836 3038 959 3081 versum
974 3027 1035 3088 est,
1051 3016 1119 3078 sine
1134 3015 1226 3098 cnjus

272 3126 423 3200 tanquam
440 3116 509 3179 sine
525 3118 642 3200 capitis
656 3119 707 3181 sui
723 3119 860 3182 consilio
872 3119 951 3181 nihil
966 3116 1128 3181 audebant
1143 3116 1225 3199 epis·

271 3218 358 3301 copi,
373 3218 448 3281 etei
467 3228 501 3280 ut
515 3219 733 3302 acquiesceret
744 3221 912 3282 consulere
927 3219 1151 3282 formidabant.
1194 3215 1228 3279 Is

271 3329 380 3383 sutem
406 3319 446 3382 de
474 3319 673 3403 quorundam
695 3321 929 3404 episcopomm,
955 3321 1071 3405 quibus
1097 3319 1227 3403 dispen-

272 3418 360 3482 dium
385 3421 599 3483 membrorum
625 3432 658 3482 et
683 3422 795 3484 salutis
821 3422 861 3484 ab
888 3423 1019 3506 antiquo
1045 3420 1128 3502 regis
1153 3419 1227 3482 odio
1317 3417 1319 3421 ’

271 3518 455 3603 impendere
481 3520 658 3599 videbatur,
681 3523 781 3603 magis
806 3543 902 3605 quam
929 3523 970 3585 de
991 3522 1127 3606 propriis
1152 3522 1230 3585 licet

272 3619 410 3703 plurima
432 3630 465 3683 et
485 3621 672 3701 gravissima
696 3621 909 3698 imminerent,
932 3624 1125 3687 anxiabatur
1143 3625 1228 3708 peri·

273 3721 368 3796 culis,
383 3728 416 3781 et
431 3729 493 3781 tam
510 3740 569 3803 pro
587 3720 718 3783 instanti
733 3723 925 3786 necessitate
944 3746 1038 3808 quam
1054 3747 1113 3810 pro
1128 3725 1229 3791 suasi-

272 3823 393 3886 bilibus
412 3842 599 3903 magnorum
620 3822 759 3885 virorum
780 3825 942 3907 religionis
961 3828 1105 3892 habitum
1123 3831 1227 3912 profe·

272 3924 410 3988 rentium
436 3924 541 3986 verbis
563 3923 727 4007 deceptus,
751 3927 939 4009 petitionem
960 3932 1043 4011 regis
1062 3932 1157 3992 verbo
1180 3940 1228 3992 te·

273 4047 334 4088 nus
357 4027 425 4089 fieri
447 4027 570 4089 annuit.
614 4028 660 4091 Et
679 4028 724 4091 sic
745 4039 778 4092 et
799 4031 869 4114 ipse
888 4042 919 4093 et
942 4031 1096 4112 episcopi,
1112 4031 1228 4111 quibus

273 4127 452 4201 timebatur,
467 4128 545 4190 licet
566 4150 640 4192 cum
661 4129 831 4215 dispendio
854 4151 970 4205 causae,
993 4130 1134 4212 corporis
1156 4152 1229 4194 eva·

274 4248 341 4291 sere
370 4230 555 4311 periculum.
603 4229 668 4293 Sed
694 4232 864 4312 episcopus
892 4231 925 4292 in
950 4231 1011 4294 hac
1040 4231 1229 4295 liberatione

275 4348 443 4412 corporum
466 4330 588 4393 ruinam
613 4341 760 4393 metuens
782 4329 969 4407 animamm,
993 4333 1133 4415 seipsum
1156 4354 1228 4396 ans·

276 4430 442 4493 terioribus
458 4430 616 4494 alimentis
632 4440 665 4493 et
684 4428 878 4495 indumentis
893 4435 1017 4514 gravius
1033 4434 1133 4517 coepit
1147 4435 1227 4498 affli-

319 4549 391 4593 von.
410 4550 439 4593 v.
727 4533 786 4594 ab
