2992 5592
266 815 428 894 carmin]
633 830 875 877 uaracoorcus.
1165 820 1230 877 tou

268 999 352 1064 sunt,
378 998 414 1050 et
444 983 558 1071 priora
580 981 709 1069 quidem
733 983 928 1068 simpliciter,
953 1005 1024 1047 nam
1048 996 1079 1046 et
1103 984 1134 1047 in
1159 983 1229 1048 aliis

268 1087 522 1172 intelliguntur:
547 1106 620 1171 quae
636 1106 712 1148 vero
734 1084 919 1168 singularia,
935 1083 1118 1171 posteriora.
1165 1086 1228 1151 Sed

269 1187 463 1275 plerumque
492 1208 566 1272 quae
594 1184 783 1250 naturaliter
808 1186 914 1271 priora
943 1198 1029 1261 sunt,
1056 1200 1088 1250 et
1117 1187 1229 1253 notitia

268 1289 458 1378 simpliciter
488 1287 648 1372 ignotiora
677 1301 754 1352 sunt
784 1288 885 1353 nobis.
934 1291 1085 1373 Namque
1115 1288 1227 1367 solida,

269 1393 369 1476 magis
398 1388 609 1454 familiariora
639 1403 714 1453 sunt
744 1389 908 1453 sensibus:
947 1413 1021 1475 quae
1051 1413 1126 1453 vero
1155 1390 1230 1464 sub-

270 1493 384 1567 tiliora,
415 1491 549 1576 longius
578 1492 706 1556 absunt.
752 1493 800 1555 Ut
831 1491 926 1566 enim,
953 1492 998 1555 ait
1028 1490 1228 1567 Aristoteles,

272 1605 441 1678 punctum,
465 1590 559 1676 prius
584 1605 631 1656 est
658 1590 749 1661 linea,
772 1604 803 1655 et
828 1591 1016 1677 simpliciter
1039 1591 1229 1665 evidentius,

273 1694 315 1760 sic
339 1708 373 1758 et
396 1692 484 1758 linea
514 1692 689 1778 superficie,
714 1692 899 1778 superficies
929 1691 1100 1769 soliditate,
1126 1693 1232 1757 unitas

274 1814 418 1869 numero,
431 1792 584 1880 quoniam
596 1793 665 1879 ejus
677 1793 871 1879 principium
888 1806 934 1854 est
947 1818 954 1856 :
969 1792 1077 1855 littera
1089 1816 1230 1878 quoque,

274 1917 367 1980 quam
394 1893 530 1981 syllaba,
552 1895 647 1959 etsie
671 1896 703 1960 in
732 1894 812 1958 aliis.
859 1894 960 1957 Nobis
985 1908 1088 1959 tamen
1115 1917 1132 1958 e
1158 1916 1231 1958 con·

275 1997 369 2066 trario
391 1996 589 2083 quandoque
611 1995 744 2061 accidit:
772 2019 844 2060 narn
865 1995 933 2059 haec
956 1996 1097 2082 quidem,
1119 1996 1231 2073 idest,

275 2098 463 2186 posteriora,
483 2101 585 2184 magis
607 2099 772 2185 quolibet:
798 2098 853 2164 illa
873 2113 980 2163 autem
1000 2098 1116 2184 priora,
1131 2100 1231 2185 magis

275 2200 396 2281 subtili,
422 2215 456 2265 et
479 2199 656 2264 abundanti
688 2200 851 2265 intellectu
882 2200 1146 2286 comprehendere
1171 2217 1229 2268 est.

276 2301 374 2366 Unde
399 2301 473 2367 licet
499 2323 556 2387 per
582 2301 689 2388 priora
715 2301 829 2366 melius
855 2303 910 2367 liat
933 2302 1103 2388 assignatio
1126 2319 1231 2391 poste-

278 2406 411 2484 riorum,
434 2419 467 2469 et
493 2404 758 2491 disciplinabilius
784 2407 823 2470 sit
851 2407 910 2470 boc
941 2407 1061 2492 ubique
1087 2422 1228 2484 tentare;

278 2520 412 2594 urgente
428 2519 533 2598 tamen
556 2507 752 2589 necessitate,
770 2509 812 2572 ob
830 2509 1048 2594 impotentiam
1069 2534 1231 2587 sensuum,

278 2613 421 2696 priorum
435 2631 520 2694 saepe
535 2608 570 2672 fit
587 2631 645 2694 per
660 2611 835 2695 posteriora
851 2609 1052 2696 explanatio:
1078 2628 1114 2675 ut
1129 2635 1230 2697 quum

276 2710 393 2776 dicitur
419 2723 575 2797 punctum
604 2709 705 2787 lineae,
725 2710 809 2776 linea
833 2711 1022 2797 superficiei,
1048 2713 1231 2795 superficies

278 2798 460 2888 soliditatis,
492 2812 645 2877 terminus
671 2836 747 2878 esse.
799 2818 879 2879 Item
908 2815 1014 2880 unitas
1041 2813 1231 2900 principium

275 2915 410 2994 numeri,
433 2927 627 2978 momentum
660 2915 825 3001 temporis,
849 2916 1001 2982 orationis
1029 2916 1231 2979 elementum.

278 3016 359 3082 Sunt
374 3017 486 3102 itaque
501 3039 618 3101 genera
629 3030 660 3080 et
673 3018 793 3103 species
808 3018 1002 3103 exemplaria
1015 3017 1230 3101 singulorum:

279 3118 331 3185 sed
348 3123 409 3183 boc
423 3118 555 3205 quidem
572 3119 673 3203 magis
687 3119 727 3183 ad
745 3121 897 3184 rationem
914 3119 1068 3184 doctrinar
1086 3119 1125 3200 (si
1141 3122 1234 3184 Aris·

278 3221 390 3287 tutelas
403 3244 498 3285 verus
513 3226 576 3305 est)
592 3244 687 3307 quam
705 3221 745 3285 ad
760 3245 886 3285 causam
903 3223 1064 3286 essentiae:
1090 3221 1233 3308 procedit

278 3337 310 3389 et
323 3324 394 3390 baec
409 3337 610 3389 monstruosa
626 3325 674 3402 (ut
691 3322 837 3388 licentius
852 3324 992 3410 loquar‚)
1009 3325 1232 3411 figmentorum
1330 3403 1335 3414 Ι

278 3424 454 3512 speculatio
476 3425 641 3512 usquead
665 3426 902 3492 ventilationem
925 3426 1142 3512 singularium.
1188 3428 1234 3494 Et

279 3549 378 3614 quum
400 3526 556 3614 quaslibet
572 3528 823 3594 substantiarum
839 3552 879 3594 ex
895 3531 1146 3617 proprietatibus
1161 3555 1235 3596 con-

280 3643 353 3710 stet,
379 3653 519 3716 quarum
547 3630 691 3697 collectio
710 3632 819 3697 eadem
847 3656 909 3696 non
934 3634 1091 3722 reperitur
1117 3634 1148 3698 in
1171 3635 1235 3699 alio

281 3731 495 3796 abstrahentis
515 3732 696 3797 intellectus
715 3756 822 3818 opera,
838 3758 896 3821 per
916 3760 948 3800 se
971 3759 1036 3800 rem
1057 3736 1235 3822 quamlibet

277 3832 522 3919 contemplatur.
567 3835 674 3911 Quum
691 3836 774 3899 enim
792 3837 884 3901 Plato
899 3861 1043 3902 essenon
1066 3838 1165 3925 possit
1187 3838 1234 3902 in·

279 3935 401 4016 formis,
416 3950 449 4002 et
470 3959 585 4022 expers
609 3936 679 4013 loci,
696 3951 752 4003 aut
774 3945 937 4026 temporis,
952 3965 1024 4006 eum
1044 3943 1126 4007 ratio
1140 3942 1234 4028 quasi

281 4039 414 4115 nudum,
439 4037 581 4103 deducto
603 4057 748 4126 respectu
773 4046 975 4128 quantitatis,
1001 4057 1031 4107 et
1058 4043 1235 4128 qualitatis,

281 4139 483 4228 aliorumque
506 4139 729 4220 accidentium,
752 4143 936 4229 simpliciter
957 4145 1113 4218 intuetur,
1135 4155 1167 4205 et
1187 4146 1234 4206 in·

282 4240 450 4308 dividuum
478 4242 631 4307 nominat.
678 4243 740 4307 Sed
769 4257 799 4308 et
827 4244 886 4308 hoc
914 4246 1024 4331 utique
1050 4240 1236 4305 doctrinalis

283 4343 454 4421 instantia,
480 4356 514 4407 ct
545 4341 719 4406 subtilioris
747 4343 930 4426 agitationis
959 4344 1146 4426 figmentum
1175 4353 1234 4404 est.

285 4444 371 4511 Nihil
393 4446 478 4511 enim
504 4443 568 4508 tale
589 4446 620 4508 iu
645 4446 740 4510 rebus
762 4446 918 4510 occurrit:
943 4442 1006 4508 talc
1028 4439 1105 4523 quid
1130 4455 1234 4506 tamen
