2992 5592
549 786 775 832 nurnerrcns.
1077 775 1141 835 279

272 940 327 1002 Sic
344 940 438 1003 servit
453 940 545 1003 matri
562 940 638 1017 tilia,
652 962 772 1023 sponsa
788 941 863 1003 viro.
1056 947 1138 1005 1240

183 1040 227 1102 Et
243 1041 269 1102 si
286 1041 351 1105 vita
366 1042 448 1105 soret
463 1040 630 1105 Ciceronis
646 1063 791 1106 consona
806 1043 922 1117 verbis,

268 1143 306 1203 ln
323 1143 455 1205 summis
469 1154 593 1226 poterat
608 1143 767 1206 maximus
783 1164 854 1207 esse
870 1143 953 1206 viris

179 1241 227 1306 Os
242 1242 383 1306 hominis
397 1245 507 1307 cuncti
521 1245 683 1321 mirantur,
698 1265 765 1308 non
780 1244 825 1306 ita
838 1254 971 1327 pectus3

270 1344 443 1427 Imperium
460 1346 579 1428 linguar
595 1366 654 1428 par
666 1345 737 1425 fuit,
753 1345 820 1408 imo
835 1345 952 1423 minus,

182 1446 273 1508 lllius
289 1447 416 1528 eloquio
433 1448 535 1510 minor
549 1459 598 1511 est
613 1448 762 1511 Romana
777 1456 931 1530 potestas,
1050 1453 1131 1513 1245

267 1548 350 1608 Nam
367 1547 508 1629 linguam
524 1550 642 1630 pariter
656 1547 735 1611 civis
751 1560 784 1610 et
798 1547 899 1611 hostis
914 1560 1029 1611 amant

354 1648 447 1722 Quod
458 1650 561 1711 werra
574 1649 767 1730 eloquentiae
776 1650 965 1731 praefamur.

176 1748 283 1819 Quem
300 1751 401 1831 magis
416 1751 523 1814 evexit
538 1753 645 1825 virtus,
659 1763 788 1834 superat
803 1749 1003 1827 Ciceronem,

268 1851 398 1935 Datque
413 1854 521 1916 locum
537 1853 609 1917 vita
624 1854 734 1934 lingua
748 1853 851 1936 perita
864 1854 974 1937 loqui3

178 1951 263 2012 Nam
279 1954 425 2033 quamvis
439 1954 579 2037 linguam
597 1955 720 2032 formet,
736 1966 907 2038 componet
922 1964 955 2018 et
969 1968 1071 2034 actus,

263 2052 378 2117 Vivere
393 2057 556 2140 praecipue
571 2057 778 2141 philosophia
792 2055 906 2134 docet3
1046 2062 1128 2121 1250

175 2153 288 2219 Vivere
303 2158 424 2221 sincere
439 2180 513 2242 pars
527 2160 649 2243 optima
663 2159 914 2243 philosophandi
930 2171 989 2238 est,

261 2260 334 2331 Qua
348 2263 416 2325 sine
432 2262 509 2347 quid
524 2262 655 2348 prodest
667 2264 779 2347 lingua
794 2261 934 2326 diserta?
957 2263 1059 2328 nihil!

175 2361 324 2444 Namque
340 2362 457 2428 diserta
471 2377 577 2443 nocet,
591 2366 618 2428 si
633 2365 674 2428 sit
690 2365 815 2428 deserta
830 2385 968 2448 superno

260 2464 406 2542 Munere,
421 2465 592 2550 prudentes
607 2465 692 2551 quod
709 2466 787 2531 facit
801 2487 871 2530 esse
887 2467 982 2531 viros.

170 2563 236 2627 Sed
253 2581 406 2648 quantum
421 2569 521 2650 prosit
535 2569 664 2651 sapiens
679 2569 842 2642 facundia,
858 2570 980 2649 lingua,
1043 2575 1124 2635 1255

261 2666 310 2732 Sit
324 2670 400 2733 licet
414 2669 561 2751 insignis,
574 2668 682 2733 dicere
697 2670 789 2731 nulla
802 2681 918 2752 potest

410 2770 462 2833 De
478 2769 600 2832 Seneca
614 2776 647 2831 et
662 2769 880 2836 Quintiliano.

171 2869 343 2952 Ingenium
358 2868 489 2935 Senecae
505 2869 707 2935 commendat
721 2871 949 2947 Quintilianus,

256 2974 320 3037 Sed
336 2986 442 3037 tamen
459 2972 604 3057 ejusdem
619 2975 715 3037 rerba
730 2973 903 3055 stilumque
919 2983 1021 3048 notat,

171 3075 238 3137 Res
254 3074 398 3158 queritur
412 3092 546 3156 magnas
560 3073 664 3154 frangi
680 3093 827 3137 sermone
843 3075 961 3148 soluto,

255 3176 460 3259 Dicendique
477 3197 578 3257 genus
593 3176 694 3258 arguit
709 3195 779 3239 esse
794 3195 920 3255 vagum.
1037 3181 1118 3242 1200

169 3279 339 3361 Verbaque
349 3277 465 3360 juncta
478 3297 589 3361 pamm
606 3277 676 3340 sine
693 3277 781 3341 calce
798 3278 924 3341 vocavit
937 3298 1078 3355 arenam,

256 3379 344 3441 Dum
359 3379 483 3460 peragit
497 3398 627 3441 sensum
642 3378 786 3441 clausula
800 3398 937 3462 quaeque
952 3399 1054 3442 suum.

164 3478 233 3542 Sed
250 3478 395 3561 quamvis
409 3478 567 3541 calamum
583 3486 690 3540 tantus
705 3476 884 3558 culpaverit
897 3489 1018 3556 auctor,

253 3578 403 3643 Obtinuit
417 3579 515 3642 virtus
529 3591 562 3642 et
576 3578 667 3642 stilus
680 3577 752 3662 ipse
766 3579 893 3662 placet3

164 3682 252 3744 Vicit
266 3681 351 3744 enim
367 3681 440 3745 vitu
455 3679 591 3763 gravitm
606 3692 638 3743 et
653 3679 754 3761 grstia
769 3681 869 3757 verbi,
1035 3690 1116 3751 1205

252 3785 297 3847 Et
310 3805 396 3847 nova
410 3782 541 3847 dicendi
556 3794 646 3865 grata
662 3782 765 3864 ligura
778 3782 847 3846 fuit.

163 3885 293 3949 Stoicus
309 3896 357 3948 est
370 3906 454 3963 acer,
470 3905 590 3948 morum
608 3884 802 3967 compendia
815 3895 925 3970 captat

249 3988 419 4071 Verbaque
435 4008 561 4071 semper
574 3985 671 4050 hahet
686 3986 834 4049 sensibus
848 3998 924 4070 apta
940 3989 1016 4051 suis.

194 4087 290 4155 Quod
298 4089 435 4168 pereites
450 4107 560 4152 omnes
572 4095 707 4168 superat
724 4085 982 4150 crastinorum
988 4086 1083 4167 fides.

162 4189 228 4253 Sed
245 4211 302 4254 cur
317 4192 452 4272 gentiles
467 4211 611 4268 numero,
627 4211 710 4273 quos
726 4211 811 4254 error
825 4188 958 4271 adegit?

250 4294 364 4356 Omnis
379 4294 462 4356 euim
478 4293 559 4356 ratio
575 4290 688 4354 deficit
702 4293 824 4375 absque
840 4289 915 4352 fide.
1032 4296 1113 4360 1270

163 4394 368 4458 Christicolae
384 4394 444 4456 soli
460 4393 598 4477 sapiunt,
614 4403 646 4453 et
660 4389 929 4473 philosophantur
