2992 5592
507 824 733 871 enrnurtous.
1037 813 1101 870 tta

149 973 285 1037 Subdita
300 977 346 1038 sic
363 977 441 1040 ratio
456 978 590 1041 formam
606 999 737 1041 summai
754 978 886 1041 rationis
1032 982 1096 1041 666

234 1072 391 1136 Sordibus
404 1065 552 1158 'expulsis
565 1074 683 1154 induit,
696 1074 772 1138 inde
788 1075 895 1138 micat.

148 1173 240 1236 Tunc
257 1196 347 1238 mens
363 1188 428 1240 tota
443 1177 522 1240 nitet
536 1190 568 1241 et
582 1198 656 1241 vero
671 1177 792 1240 lumine
807 1178 904 1260 plena

235 1277 301 1339 Res
317 1277 410 1340 salsas
425 1279 526 1360 abigit
539 1293 572 1342 et
586 1281 674 1343 bona
689 1301 762 1343 vera
776 1280 863 1344 colit.

401 1381 489 1455 Quid
502 1383 663 1445 illuminet
678 1384 845 1444 rationem.

149 1479 240 1543 Sicut
254 1503 348 1544 nemo
364 1496 470 1567 potest
484 1485 606 1568 aliquid
620 1485 682 1548 nisi
698 1485 770 1547 luce
787 1484 904 1561 videre,

235 1581 289 1646 Sic
304 1583 444 1648 hominis
458 1585 539 1648 ratio
554 1607 641 1649 caica
655 1586 692 1649 fit
707 1587 829 1669 absque
845 1584 926 1648 Deo.
1037 1590 1100 1648 oto

150 1684 232 1746 Vera
248 1685 340 1747 Deus
355 1688 412 1749 iux
428 1699 475 1750 est
490 1701 523 1750 et
536 1688 666 1750 luminis
681 1689 768 1750 illius
784 1700 906 1764 auctor,

236 1784 309 1856 Quo
326 1787 395 1849 solo
411 1808 480 1850 sese
496 1789 631 1871 quisque
648 1787 753 1850 videre
769 1798 884 1870 potest.

425 1890 490 1962 Qui
504 1891 572 1952 sint
586 1909 668 1952 nsaw
682 1890 826 1952 luminis.

151 1985 197 2047 Ut
212 2007 246 2050 se
260 1987 334 2072 quis
348 1988 466 2064 videat,
482 2001 531 2052 est
545 1990 660 2052 summi
675 1991 805 2053 luminis
823 2009 910 2064 usus,

237 2089 382 2154 Muneris
397 2104 445 2154 est
459 2114 534 2155 usus
551 2113 666 2155 munus
681 2113 786 2155 amare
803 2092 925 2169 datum,

151 2188 298 2251 Muneris
313 2203 361 2252 est
376 2212 452 2254 usus
468 2191 649 2255 discernere
665 2205 783 2255 cuncta
798 2205 955 2278 potenter,
1040 2195 1104 2254 646

239 2291 384 2354 Muneris
398 2303 448 2355 est
462 2314 538 2356 usus
554 2293 660 2356 cultus
674 2313 826 2376 amorque
842 2293 932 2370 boni,

152 2391 297 2455 Muneris
313 2406 362 2455 est
376 2415 452 2457 usus
467 2416 569 2457 rerum
586 2415 782 2476 cognoscere
796 2395 930 2471 fructus,

239 2495 383 2559 Muneris
397 2509 446 2559 est
461 2518 536 2560 usus
551 2496 591 2559 ad
608 2497 739 2560 meliora
756 2497 848 2573 trahi,

151 2594 299 2657 Muneris
313 2607 475 2659 auctorem
492 2618 687 2676 cognoscere
705 2597 844 2660 muneris
859 2616 947 2672 usus,

242 2696 385 2759 Muneris
400 2710 448 2759 est
462 2718 538 2759 usus
553 2718 695 2759 summus
710 2718 814 2759 amare
831 2698 948 2758 Deum.
1039 2698 1104 2756 660

213 2796 305 2868 Quod
318 2817 413 2860 verua
424 2797 633 2878 philosophus
647 2795 717 2858 Deo
730 2816 841 2857 carere
855 2814 921 2856 non
933 2800 1046 2877 potest.

153 2897 188 2959 si
204 2897 251 2958 vis
266 2899 355 2960 nulla
369 2908 476 2981 potest
490 2898 682 2981 disjungere,
698 2917 779 2981 quos
793 2919 882 2960 amor
898 2897 976 2973 unit,

239 3001 342 3062 Verus
357 3000 570 3083 philosophus
586 3020 650 3061 non
666 2998 725 3062 erit
739 2999 863 3081 absque
880 2999 962 3061 Deo.

153 3100 220 3163 Sed
234 3123 294 3164 uec
312 3122 396 3163 mors
410 3100 526 3183 poterit
541 3101 637 3163 istum
652 3098 825 3163 dissolvere
842 3121 973 3174 nexum,

241 3205 401 3287 Perpetuo
415 3204 508 3280 vivet,
524 3203 578 3287 qui
594 3203 756 3284 sapienter
770 3214 864 3265 amat.

155 3306 247 3373 Quod
265 3309 351 3368 ratio
370 3306 536 3387 speculum
557 3311 604 3367 eat
623 3310 654 3367 et
674 3305 788 3366 oculus
807 3311 838 3366 ct
858 3322 977 3365 manue
996 3302 1042 3365 od
1056 3322 1107 3365 rea

427 3408 582 3470 videndas
597 3416 626 3470 et
642 3405 826 3488 capiendae.

154 3512 216 3574 Est
231 3511 329 3590 igitur
344 3512 424 3573 ratio
439 3512 618 3593 speculum,
632 3531 698 3593 quo
714 3523 832 3573 cuncta
847 3508 1005 3584 videntur,
1042 3513 1106 3572 666

242 3612 421 3695 Officioque
437 3612 521 3674 oculi
538 3611 678 3691 fungitur
692 3622 788 3693 atque
805 3630 928 3686 manus,

156 3711 297 3777 Conscia
311 3727 433 3777 naturae
449 3734 559 3776 verum
574 3724 734 3775 scrutatur
748 3721 781 3774 et
798 3713 893 3795 aequi,

248 3816 370 3878 Arbitra
386 3814 536 3877 virtutum
552 3814 621 3875 sola
635 3812 794 3875 ministrat
809 3833 897 3895 open.

158 3916 225 3977 Res
240 3917 355 3999 triplici
371 3930 517 3999 spectare
533 3914 628 3978 modo
644 3914 724 3977 ratio
740 3914 937 3996 perhibetur,

246 4019 316 4079 Nec
331 4029 477 4100 quartum
493 4017 597 4100 potuit
612 4036 701 4078 mens
717 4015 853 4099 reperire
870 4014 1010 4078 modurn.
1045 4020 1110 4077 660

161 4119 368 4182 Concretivus
384 4118 437 4182 hic
454 4129 512 4195 est,
527 4118 608 4181 alius
623 4127 775 4181 concreta
789 4117 929 4192 resolvit,

248 4223 313 4284 Rea
328 4225 425 4285 robus
440 4221 563 4285 confert
578 4220 689 4284 tertius
705 4229 802 4301 atque
819 4217 923 4280 refert.

162 4324 315 4387 Naturam
331 4326 461 4408 primus,
476 4320 644 4387 mathesim
659 4319 784 4383 medius
801 4317 984 4390 comitatur,

248 4425 398 4488 Vindicat
413 4437 592 4488 extremum
609 4423 716 4501 logica
733 4421 801 4483 sola
816 4418 889 4479 sibi.

611 4530 661 4587 εἳ
