2992 5592
470 808 548 852 vrrs
565 808 682 853 sancar
699 809 827 853 naeuus
844 811 1009 857 cananae.
1156 802 1219 860 367

265 961 300 1023 in
324 981 481 1032 sermone,
507 960 540 1022 in
567 982 663 1043 opere
684 961 862 1045 justitiam:
897 976 932 1026 ut
957 986 1038 1047 qaros
1061 976 1128 1028 erat
1151 987 1220 1030 eru·

268 1061 391 1126 diturus
407 1063 514 1139 verbo,
529 1063 708 1125 sanctitatis
730 1085 797 1126 suae
817 1067 979 1147 potentius
1002 1078 1144 1130 moveret
1165 1090 1223 1131 ex·

266 1165 382 1247 emplo.
412 1164 594 1226 Haereticos
611 1165 896 1249 schismaticosque
912 1167 1151 1247 infatigabiliter
1165 1190 1222 1231 ex·

266 1264 441 1347 pugnabat,
457 1278 488 1327 et
502 1285 668 1347 nunquam
692 1266 801 1328 induci
824 1266 939 1348 potuit,
953 1278 989 1329 ut
1003 1289 1075 1330 eum
1093 1291 1223 1332 exeom-

265 1367 434 1431 manicatis
466 1368 727 1431 communicaret.
775 1369 929 1452 Quisquis
954 1390 1039 1431 sunm
1067 1369 1222 1435 doctrinm

266 1468 500 1543 adversabatur,
526 1491 599 1532 eum
625 1470 688 1532 sibi
713 1471 837 1533 hostem
867 1472 1007 1533 saturum
1033 1471 1065 1533 in
1095 1472 1223 1536 Christo

265 1576 330 1632 rien
347 1568 527 1632 dubitabat.
572 1570 709 1634 Justitiae
731 1593 860 1655 quoque
884 1574 955 1634 zelo
978 1573 1114 1646 fervens,
1131 1573 1219 1655 quod

267 1692 358 1734 suum
395 1681 463 1733 erat
497 1670 614 1754 cuique
652 1693 775 1734 serrare
813 1674 982 1749 nitebatur,
1018 1694 1223 1756 personarum

267 1782 398 1856 prorsus
414 1782 447 1834 et
462 1794 628 1835 munerum
646 1775 835 1857 acceptione
851 1774 994 1837 diducta.

309 1871 434 1934 Videas
458 1885 563 1935 autem
588 1873 690 1935 hostis
716 1876 869 1956 antiquus
894 1884 1018 1936 tantum
1044 1875 1145 1936 virum
1169 1895 1224 1937 ec·

269 1975 375 2039 elesiae
396 1973 459 2037 Dei
480 1973 651 2056 plurimum
673 1975 885 2057 profuturum,
900 1975 1026 2051 inridit,
1043 1988 1074 2038 et
1094 1998 1135 2039 ne
1150 1997 1223 2059 spe·

267 2085 335 2139 rata
353 2096 435 2158 pace
458 2086 540 2136 terra
564 2074 684 2137 diutius
710 2075 873 2152 frueretur,
895 2077 1013 2139 multos
1036 2089 1068 2139 et
1090 2097 1225 2157 magnos

269 2177 365 2257 elegit
394 2175 561 2238 discordiae
598 2177 831 2239 concitatores:
870 2199 926 2260 per
956 2200 1037 2261 quos
1065 2178 1099 2240 in
1129 2177 1224 2241 corde

268 2277 352 2359 regis
380 2289 413 2339 et
441 2277 606 2339 curialium
637 2278 703 2339 odii
729 2279 933 2341 seminarium
965 2280 1091 2363 sparsit.
1147 2280 1224 2342 Orta

269 2378 427 2463 siquidem
458 2378 509 2439 his
538 2380 783 2460 procurantibus
810 2383 987 2463 quaestione
1015 2403 1110 2465 super
1134 2382 1223 2463 regni

270 2475 558 2542 consuetudinibus
568 2491 600 2541 et
609 2479 684 2563 jure
697 2481 926 2558 ecclesiastice,
937 2481 1021 2544 filios
1033 2482 1224 2565 perditionis

268 2581 304 2645 in
319 2579 493 2663 perniciem
509 2581 612 2642 sancti
629 2581 683 2642 viri
705 2582 859 2644 excitavit
879 2583 935 2664 qui
958 2584 1139 2645 subvertere
1156 2603 1222 2645 mo-

270 2680 428 2742 liebantur
458 2680 604 2741 ecclesian
638 2681 829 2742 libertatem.
890 2680 953 2742 Sed
984 2701 1082 2764 quum
1112 2703 1224 2745 omnes

270 2779 534 2863 opprimerentur,
560 2780 800 2843 Cantuariensis
831 2781 967 2843 ecclesia
991 2782 1095 2862 ipsum
1124 2783 1224 2862 magis

271 2881 421 2962 angebat,
437 2879 530 2963 eujus
552 2881 702 2962 potestati
726 2881 841 2943 honori
858 2894 890 2943 et
905 2882 1030 2944 utilitati
1053 2881 1223 2963 plurimum

272 2981 493 3061 derogabatur,
517 2981 755 3059 insurgentibus
781 2981 813 3042 in
840 3001 911 3042 eum
938 2980 1074 3062 primum
1097 2981 1224 3061 Rogero

273 3082 473 3145 Eboracensi
495 3082 754 3164 archiepiscope,
770 3082 887 3144 deinde
906 3083 1090 3165 proceribus
1105 3081 1225 3159 multis,

273 3181 371 3244 ethis
393 3181 447 3264 qui
470 3179 623 3242 fidelitate
639 3192 672 3243 et
686 3179 851 3242 beneficiis
876 3180 1020 3242 ecclesias
1035 3180 1226 3241 tenebantur

272 3281 407 3344 obnoxii
423 3295 454 3343 et
471 3281 539 3364 ipso
555 3302 628 3361 rege
646 3280 834 3361 prohibente
854 3281 971 3362 saepius
986 3292 1017 3340 et
1033 3281 1226 3362 pertinacius

273 3404 315 3445 ne
331 3382 363 3443 in
381 3381 525 3444 subditos
537 3382 641 3462 culpis
653 3379 857 3461 exigentibus
869 3382 1056 3443 canonicam
1067 3380 1225 3463 justitiam

272 3495 444 3545 exerceret.
490 3483 637 3543 Potestas
663 3483 747 3543 euim
773 3482 854 3543 laica
880 3482 911 3542 in
940 3502 989 3543 res
1016 3492 1048 3544 et
1072 3502 1226 3562 personas

274 3581 416 3644 omnium
437 3602 494 3662 pro
516 3581 608 3641 libito
632 3582 852 3643 ecclesiastico
870 3581 943 3663 jure
967 3592 1162 3663 contempto,
1177 3593 1225 3646 ta·

273 3682 422 3745 centibus
444 3693 498 3741 aut
520 3681 794 3741 murmurantibus
817 3680 989 3762 episcopis,
1004 3682 1109 3764 potius
1130 3705 1225 3767 quam

273 3779 494 3844 resistentibus
510 3776 693 3860 usurpabat.
738 3779 883 3842 Conatus
898 3792 947 3843 est
961 3803 1035 3864 ergo
1050 3804 1107 3846 rex
1123 3785 1226 3847 archi·

274 3882 460 3964 episcopum
485 3878 649 3961 promissis
669 3890 702 3942 et
722 3880 888 3943 blanditiis
903 3881 943 3944 ad
960 3905 1050 3944 sunm
1073 3885 1225 3946 inclinare

275 4002 476 4045 consensum.
529 3979 592 4042 Sed
619 3980 664 4041 sir
687 3981 831 4058 Domini,
854 3982 1005 4044 fundatus
1028 3983 1061 4042 in
1084 3992 1172 4061 petra
1194 3993 1227 4042 et

277 4082 444 4156 solidatus,
466 4103 526 4144 nec
550 4081 715 4143 blanditiis
738 4083 871 4144 emolliri
898 4079 1012 4161 potuit,
1034 4091 1070 4141 ut
1093 4100 1113 4140 a
1137 4082 1226 4144 cultu

271 4181 405 4265 justitiae
421 4181 570 4255 deviaret,
586 4202 646 4244 nec
662 4182 759 4242 miuis
774 4179 890 4242 terreri.

322 4281 419 4342 Hanc
435 4281 542 4364 itaque
558 4281 766 4342 mutationem
787 4277 928 4340 dextere
949 4278 1069 4339 excelsi
1086 4279 1227 4359 maligna

279 4379 540 4462 interpretatione
564 4379 669 4442 cenati
697 4389 772 4439 sunt
797 4377 886 4458 impii
914 4376 1092 4452 obfuscare,
1118 4397 1227 4460 super·
