2992 5592
143 832 202 879 car.
218 815 268 897 m]
508 831 750 880 maranomcus.
1032 821 1091 880 149

141 982 436 1070 improbabilissima
459 982 574 1061 dicere,
596 999 628 1048 et
648 984 709 1047 alia
729 984 869 1069 quidem,
893 1009 988 1071 quam
1013 1010 1087 1071 qum

140 1104 261 1171 propter
290 1085 487 1173 positionem
524 1100 599 1151 sunt
636 1087 829 1150 necessaria:
869 1087 1088 1172 respondentis

138 1200 247 1262 autem,
271 1208 338 1250 nou
357 1197 494 1272 propter
513 1208 585 1248 eum
602 1184 701 1248 videri
722 1185 863 1249 accidere
884 1186 1087 1272 impossibile,

138 1301 185 1352 aut
206 1287 297 1374 quod
321 1298 444 1372 practer
458 1285 638 1371 opinionem
654 1298 712 1366 est,
728 1286 781 1349 sed
806 1301 937 1374 propter
956 1290 1086 1373 positio-

137 1410 212 1453 nem.
257 1388 435 1455 Diversum
459 1389 540 1452 enim
558 1388 692 1453 fortasse
715 1403 878 1475 peccatum
895 1404 954 1465 est,
971 1413 1086 1475 ponere

137 1491 281 1574 primum,
297 1489 389 1575 quod
412 1510 474 1552 non
496 1503 632 1576 oportet,
652 1503 684 1554 et
707 1491 860 1576 positum,
875 1511 937 1553 non
962 1512 1086 1553 servare

136 1592 305 1658 secundum
329 1590 482 1656 modum:
512 1606 546 1655 at
572 1614 745 1678 opponens,
771 1595 830 1657 etsi
858 1591 1017 1656 interdum
1045 1590 1086 1654 ad

135 1691 361 1767 inductionem,
377 1701 414 1753 ut
434 1689 531 1755 detur
552 1691 741 1766 universale,
763 1705 818 1756 aut
840 1694 871 1756 in
894 1691 1086 1776 magnitudi-

135 1814 198 1856 nem
212 1792 383 1868 orationis,
392 1803 450 1855 aut
463 1804 498 1855 ut
509 1791 705 1856 manifestior
718 1795 760 1855 sit
772 1792 884 1872 oratio,
896 1795 1087 1876 negotietur,

135 1892 328 1959 inomnibus
347 1892 542 1979 praecipuam
560 1896 711 1957 virtutem
733 1892 822 1958 ducit
843 1892 1085 1958 occultationem

136 1995 354 2073 conclusionis,
382 2008 418 2060 ut
443 1995 583 2059 oratione
609 2018 666 2081 per
691 1995 920 2060 conclusionem
946 1994 1084 2079 expleta,

136 2110 292 2182 quaeratur
303 2109 436 2181 propter
452 2095 539 2180 quid.
586 2096 682 2160 Unde
697 2098 728 2160 in
745 2098 865 2183 nuptiis
882 2097 1035 2161 Mercurii
1052 2112 1084 2161 et

135 2195 332 2284 Philologiae,
351 2195 525 2260 Dialectica
546 2198 579 2260 in
603 2219 698 2259 uranu
721 2214 897 2283 serpentem
921 2213 1035 2282 gestat,
1052 2213 1084 2261 et

136 2297 296 2377 formulas,
310 2311 348 2363 nt
362 2299 481 2362 astutia
504 2298 668 2383 serpentis,
685 2323 757 2384 quae
779 2304 974 2386 propositum
992 2300 1083 2386 tegit,

135 2402 338 2467 mordeantur
349 2402 472 2467 incauti
488 2415 518 2464 et
535 2401 647 2465 rudes:
664 2416 719 2465 aut
731 2403 867 2489 improbi
880 2427 937 2490 per
953 2406 1084 2468 rationis

135 2503 287 2569 formulas
316 2502 515 2577 erudiantur,
546 2516 602 2567 ant
634 2505 873 2569 convincantur.
928 2506 1082 2571 Consistit

136 2620 236 2672 tutem
248 2604 386 2678 cautela,
397 2603 428 2666 in
440 2603 550 2667 ordine
562 2617 594 2668 et
606 2605 700 2668 modo
711 2605 860 2690 explendi
871 2609 1082 2690 propositum,

136 2707 195 2772 sive
217 2704 441 2783 dividendum,
465 2729 519 2770 seu
543 2705 772 2786 definiendum,
793 2730 845 2769 seu
869 2705 1081 2786 colligendum

135 2808 184 2873 tit:
223 2821 376 2893 recteque
404 2806 548 2893 procedit
578 2832 617 2871 ex
649 2805 865 2893 praeexistcnti
901 2806 1083 2888 cognitione

136 2908 286 2985 locorum,
297 2922 331 2974 et
346 2907 668 2992 argumentationum,
679 2907 879 2991 aliorumque
891 2929 1083 2983 sermonum,

134 3011 249 3099 quibus
271 3009 472 3076 definitiones
494 3023 527 3074 et
549 3009 722 3073 divisiones
745 3008 952 3092 explicantur.
1000 3009 1083 3070 Nam

135 3112 190 3178 loci
211 3111 471 3199 argumentandi,
496 3124 529 3176 et
548 3111 723 3187 dividendi,
747 3109 994 3194 definiendique,
1018 3109 1083 3194 ple·

135 3236 266 3302 rumque
288 3226 364 3277 sunt
386 3234 585 3277 communes:
615 3209 670 3275 sed
692 3213 740 3274 vis
760 3211 837 3274 artis
859 3210 891 3272 in
915 3232 1084 3293 argumen-

135 3315 306 3383 tationibus
316 3313 453 3400 amplius
467 3314 563 3397 viget.
604 3315 643 3376 ln
658 3311 735 3398 ipsis
751 3335 880 3398 quoque
892 3312 1082 3398 syllogismis

135 3418 301 3485 violentior
322 3427 380 3493 est,
396 3418 462 3481 sive
481 3418 666 3502 integritate
689 3417 738 3480 sui
760 3417 921 3501 perfectus
942 3418 994 3494 sit,
1015 3419 1082 3483 sivc

134 3522 236 3587 media
258 3519 478 3607 propositione
501 3520 675 3595 subtracta,
698 3519 738 3582 ad
763 3519 893 3584 modum
917 3521 1082 3605 cnthyme-

134 3622 226 3688 matis
254 3618 486 3686 conclusionem
514 3618 679 3685 acceleret:
711 3620 847 3706 ideoque
878 3644 954 3685 usus
981 3627 1083 3706 magis

134 3726 202 3811 ejus
215 3724 294 3789 facit
308 3721 349 3786 ad
369 3720 516 3784 alterum.
563 3721 713 3786 Inductio
728 3746 803 3786 vero
822 3723 920 3787 levior
942 3739 1000 3803 est,
1016 3729 1081 3789 sive

134 3824 296 3893 maturiori
318 3824 442 3886 incessu
463 3845 482 3884 a
502 3821 649 3907 pluribus
672 3825 896 3910 progrediatur
917 3827 956 3890 ad
982 3850 1080 3891 unum
1115 3858 1117 3863 ·

133 3925 316 3999 universale,
344 3936 400 3987 aut
426 3922 627 4008 particulare,
655 3924 720 3988 sive
745 3928 857 3990 acriori
887 3926 1008 4012 impetn
1040 3928 1081 3991 ab

133 4051 203 4107 uno,
219 4028 263 4093 ad
279 4024 418 4110 exempli
435 4028 564 4088 sormam
581 4026 723 4104 inducto,
736 4028 776 4091 ad
794 4051 904 4103 unum,
917 4029 1082 4091 inferendo

133 4131 283 4215 prosiliat.
331 4127 395 4192 Hic
415 4140 521 4191 autem
547 4128 660 4192 modus
683 4130 782 4214 magis
808 4129 989 4194 oratoribus
1008 4151 1081 4190 con-

130 4235 227 4316 gruit:
245 4230 411 4299 interdum
422 4241 526 4294 tamen
538 4244 733 4295 ornatusnut
744 4230 964 4316 explicationis
974 4251 1080 4303 causa,

130 4337 280 4402 conducit
302 4349 334 4398 et
355 4332 537 4397 dialectico:
567 4333 667 4417 magis
687 4334 770 4396 enim
792 4329 1008 4417 persuasorius
1024 4344 1082 4408 est,

129 4460 222 4523 quam
240 4458 372 4522 urgens.
419 4434 525 4505 Unde,
546 4436 628 4498 sicut
652 4438 783 4499 Marcus
803 4430 930 4495 Tullius
946 4429 976 4491 in
995 4430 1080 4495 tthe-
