2992 5592
271 823 333 868 osa.
350 809 427 881 xro]
637 822 877 870 usranoorcus.
1183 818 1222 873 91

268 988 364 1039 torum
397 972 638 1039 declinabilium
662 974 825 1060 exemplar
847 991 905 1051 est,
929 977 1075 1063 exempla
1097 978 1218 1042 veroin

265 1079 408 1142 omuibus
438 1075 528 1139 illius
563 1076 793 1141 terminationis
822 1076 1018 1144 dictionibus
1052 1080 1219 1145 manifesta

266 1192 348 1244 sunt:
374 1180 420 1245 sio
436 1178 589 1265 quadam
605 1177 799 1264 exemplaria
817 1179 1039 1265 concipiuntur
1054 1183 1086 1246 in
1103 1196 1219 1263 mente,

265 1302 397 1365 quorum
415 1279 565 1365 exempla
579 1297 695 1344 natura
710 1278 870 1354 formavit,
882 1294 913 1345 et
930 1282 1073 1346 sensibus
1089 1285 1218 1370 objecit.

267 1381 322 1447 Illa
348 1382 462 1469 itaque
492 1380 698 1467 exemplaria,
720 1381 903 1462 cogitabilia
927 1384 1055 1467 quidem
1080 1400 1166 1463 sunt,
1189 1401 1221 1449 et

268 1499 336 1549 sunt
345 1484 439 1571 quasi
453 1483 631 1570 phantasiae
642 1496 673 1546 et
687 1483 810 1546 umbrae
822 1483 1037 1566 existentium,
1050 1488 1222 1552 secundum

266 1587 487 1653 Aristotelem:
513 1609 593 1672 quas
615 1587 640 1649 si
664 1587 737 1671 quis
766 1588 1005 1673 apprehendere
1029 1590 1143 1654 nititur
1165 1614 1221 1676 per

266 1689 476 1764 existentiam,
500 1711 597 1775 quam
618 1688 735 1752 habent
758 1711 777 1749 a
798 1687 1012 1773 singularibus
1032 1705 1220 1778 separatam,

267 1790 349 1855 velut
365 1792 491 1855 somnia
506 1789 687 1854 elabuntur.
745 1787 892 1852 Monstra
907 1790 989 1852 euim
1007 1805 1094 1871 sunt,
1112 1806 1144 1858 et
1162 1794 1220 1858 soli

266 1891 436 1957 intellectui
454 1905 573 1978 patent.
620 1890 714 1970 Quod
738 1905 845 1955 autem
865 1891 1053 1956 universalia
1068 1893 1220 1960 dicuntur

267 2016 329 2057 esse
343 1993 567 2059 substantialia
582 1994 810 2079 singularibus,
826 1995 865 2057 ad
889 2018 1016 2058 causam
1032 1993 1222 2081 coguitionis

267 2095 465 2160 referendum
487 2110 546 2176 est,
570 2096 845 2182 singulariumque
868 2110 1033 2161 naturam:
1057 2099 1115 2162 hoe
1137 2099 1219 2162 enim

268 2196 295 2260 iu
304 2196 444 2283 singulis
453 2212 554 2285 putet,
567 2198 726 2285 siquidem
739 2198 900 2274 inferiora,
913 2199 980 2263 sine
992 2200 1220 2286 superioribus,

267 2320 320 2362 nec
343 2322 422 2380 esse,
444 2322 501 2363 uec
525 2299 659 2382 intelligi
683 2312 825 2385 possunt.
875 2300 981 2363 Homo
1000 2323 1138 2387 namque
1157 2324 1218 2364 non

267 2411 324 2474 est,
340 2400 401 2463 nisi
417 2399 460 2464 sit
479 2398 605 2463 animal.
652 2398 713 2461 Sed
731 2421 788 2461 nee
809 2397 1000 2484 intelligitur
1016 2402 1122 2482 homo,
1137 2403 1217 2488 quin

269 2500 506 2584 eointelligatur
525 2499 662 2564 animal:
688 2500 838 2585 quoniam
856 2501 949 2566 homo
961 2517 1008 2567 est
1019 2505 1136 2569 animal
1148 2505 1221 2570 tale.

271 2601 319 2666 Sic
334 2602 367 2666 in
386 2601 533 2675 Platone,
556 2602 652 2665 homo
667 2602 816 2686 quoniam
847 2602 937 2668 Pluto
958 2618 990 2668 et
1006 2619 1065 2681 est,
1081 2618 1114 2670 et
1129 2607 1222 2670 intel·

269 2704 381 2791 ligitur
404 2702 487 2783 talis,
508 2717 565 2768 aut
594 2703 654 2767 iste
677 2703 782 2767 homo.
829 2705 882 2769 Ad
907 2706 966 2769 hoc
991 2721 1097 2771 autem
1124 2721 1159 2771 ut
1181 2708 1222 2772 sit

269 2806 373 2884 homo,
390 2805 534 2890 exigitur
549 2829 615 2868 esse
626 2804 755 2880 animal,
772 2829 828 2870 nec
839 2809 1047 2885 convertitur,
1059 2823 1095 2872 ut
1106 2807 1221 2873 animal

270 2932 333 2975 esse
348 2932 412 2974 nou
430 2908 542 2995 possit,
557 2922 614 2972 aut
628 2906 776 2992 intelligi,
792 2909 817 2972 si
835 2932 896 2972 non
913 2910 965 2985 sit,
981 2926 1116 2975 autnon
1133 2910 1223 2976 intel-

269 3010 390 3098 ligatur
412 3011 525 3074 homo:
552 3032 623 3073 nam
646 3009 676 3073 in
701 3010 823 3073 ratione
847 3011 993 3087 hominis,
1017 3026 1064 3076 est
1087 3015 1221 3087 animal,

271 3113 324 3178 sed
346 3136 409 3178 non
439 3111 638 3177 inanimalis
667 3112 788 3176 ratione
816 3126 862 3175 est
890 3112 994 3176 homo.
1041 3113 1126 3190 Quia
1146 3136 1223 3198 ergo

272 3215 332 3280 tale
344 3216 446 3301 exigit
456 3214 530 3292 tale,
541 3228 572 3278 et
582 3234 643 3277 non
655 3213 796 3298 exigitur
806 3235 823 3274 a
835 3213 901 3288 tali,
913 3227 976 3276 tam
988 3216 1029 3277 od
1041 3214 1222 3293 essentiam,

270 3340 364 3402 quam
387 3317 429 3381 sd
452 3315 609 3391 notitiam,
630 3314 702 3379 ideo
725 3314 785 3377 hoo
807 3313 852 3378 illi
876 3315 1084 3380 substantiale
1106 3315 1224 3384 dicitur

269 3442 344 3485 esse.
393 3419 484 3482 Idem
500 3427 548 3482 est
567 3419 599 3480 in
622 3417 818 3495 individuis;
841 3440 915 3503 quae
938 3417 1073 3504 exigunt
1093 3421 1223 3507 species,

270 3537 301 3589 et
322 3545 453 3606 genera,
476 3521 530 3586 sed
554 3543 756 3608 nequaquam
780 3521 957 3606 exiguntur
978 3523 1020 3587 ab
1046 3523 1100 3588 eis.
1147 3526 1220 3589 Hoc

270 3625 352 3689 enim
369 3647 427 3689 nec
442 3624 651 3689 substantiam
668 3622 811 3698 habebit,
824 3646 881 3686 neo
896 3623 926 3687 in
944 3625 1089 3689 notitiam
1107 3626 1221 3703 veniet,

271 3728 330 3792 uisi
361 3725 401 3790 sit
432 3725 560 3810 species,
591 3736 648 3790 aut
677 3747 790 3808 genus,
821 3723 853 3786 id
877 3738 938 3801 est,
968 3726 1030 3789 nisi
1061 3727 1140 3813 quid
1171 3729 1222 3804 sit,

271 3843 325 3895 aut
349 3828 525 3893 innotescat
544 3825 618 3903 tale,
642 3825 691 3889 vel
718 3825 789 3888 tale.
837 3825 1037 3891 Universalia
1064 3843 1168 3894 tamen
1191 3845 1223 3894 et

271 3953 320 3997 res
333 3929 489 3996 dicuntur
504 3951 581 4003 esse,
599 3942 630 3992 et
647 3928 836 4013 plerumque
851 3927 1035 4014 simpliciter
1050 3955 1136 3996 esse:
1168 3933 1223 3997 sed

273 4054 332 4096 aon
348 4031 393 4097 ob
415 4030 486 4107 hoe,
510 4042 566 4094 aut
588 4029 685 4093 moles
707 4051 887 4116 corporum,
904 4045 961 4096 aut
985 4033 1148 4098 subtilitas
1163 4035 1224 4119 spi-

272 4136 404 4211 rituum,
419 4146 476 4197 aut
492 4131 700 4214 singularium
717 4130 853 4196 discreta
865 4133 999 4196 essentia
1014 4134 1104 4196 ineis
1119 4146 1222 4196 atten-

272 4234 374 4299 denda
392 4247 449 4299 est.
498 4237 581 4297 Nam
604 4246 636 4295 et
651 4255 698 4309 ea,
717 4255 791 4319 quae
802 4231 909 4316 jacent
933 4233 994 4296 sub
1015 4232 1223 4295 affirmatione

272 4345 302 4398 et
314 4336 493 4423 negatione,
509 4356 559 4397 res
573 4333 736 4413 dicuntur,
751 4347 784 4397 et
796 4357 870 4397 vera
885 4332 1057 4420 sepissime
1072 4331 1224 4396 dicuntur

274 4458 351 4501 esset
368 4458 427 4500 nec
437 4449 544 4501 tanten
556 4434 742 4499 substantiis
758 4435 807 4499 vel
819 4434 1038 4498 accidentibus
1049 4455 1225 4518 aggregan-

319 4560 391 4604 voi.
408 4560 441 4602 v.
752 4557 774 4597 Η
