2992 5592
284 817 348 876 090
544 823 979 871 Joaumssanasnaainusis

370 977 558 1061 Hospitium
573 977 731 1061 quidquid
745 977 843 1054 dicat,
858 975 981 1041 habeto
997 977 1162 1056 modum3

283 1078 328 1143 Et
341 1100 383 1142 no
397 1088 582 1161 suspectum
596 1078 670 1161 quis
684 1079 787 1160 possit
799 1077 919 1140 babere
933 1077 1066 1159 rigoris,

370 1177 420 1243 Sit
435 1189 490 1242 tua
494 1179 649 1263 jucundis
664 1177 774 1259 lingua
788 1178 903 1240 referta
912 1178 1013 1262 jocis,
1166 1185 1249 1244 1600

281 1279 417 1363 Sintquc
431 1281 515 1343 salos
529 1281 599 1343 sinc
613 1278 709 1343 dente
724 1277 784 1354 tui,
798 1278 839 1342 sit
853 1278 969 1357 lingua
983 1276 1151 1354 modesta,

369 1383 576 1466 Compositus
591 1391 707 1463 gestus,
724 1380 789 1443 vita
803 1379 923 1462 pudica
936 1379 1008 1443 tibi.

282 1484 334 1548 sit
348 1486 452 1548 bonus
466 1483 591 1548 auditor
605 1482 733 1566 patiens
748 1491 782 1545 et
796 1481 906 1545 tardus
920 1480 963 1544 ad
978 1481 1073 1558 iram,

368 1587 480 1670 Sitque
494 1586 596 1649 cliens
609 1584 751 1660 humilis,
765 1585 821 1667 qui
835 1585 922 1646 volet
936 1604 1009 1645 esse
1025 1594 1114 1647 uuus.

281 1687 476 1769 Hospitibus
490 1697 598 1767 gratus
612 1695 758 1768 sumptus
768 1684 931 1747 moderato
942 1685 1140 1766 suboptans,
1158 1687 1242 1748 1605

369 1790 417 1853 Ut
430 1787 560 1869 dignam
575 1788 681 1850 valcas
694 1787 811 1870 cuique
826 1787 940 1849 referre
956 1786 1072 1861 vicem,

280 1891 326 1953 Et
339 1890 577 1954 benefactorum
591 1888 741 1952 reddatur
756 1889 856 1967 gratia
870 1887 979 1970 plana,

367 1990 446 2065 Quae
460 1992 565 2053 bonus
578 1988 733 2071 interpres
748 1989 875 2069 singula
888 2008 1006 2069 magna
1021 1987 1111 2051 facit

279 2091 336 2153 Vir
351 2093 455 2154 bonus
469 2102 502 2153 ct
515 2089 658 2173 prudens
672 2088 769 2151 modo
784 2109 834 2152 res
849 2098 1017 2151 conservat
1030 2087 1075 2151 ad
1090 2109 1202 2162 usum,

363 2192 409 2252 Et
423 2189 520 2252 modo
535 2188 710 2272 dispensat,
727 2202 759 2252 ct
774 2188 869 2252 docet
883 2209 954 2251 csse
970 2208 1059 2265 suas,
1154 2195 1240 2254 1610

276 2290 408 2362 Quaerit,
419 2299 456 2351 ut
470 2287 646 2369 expendat,
658 2309 758 2370 quum
771 2310 871 2352 causa
883 2289 1041 2372 locusque
1053 2291 1241 2374 requirunt,

361 2387 570 2469 Servatasquo
584 2384 641 2447 diu
656 2397 801 2470 tempore
816 2388 937 2472 spargit
950 2410 1044 2472 opos,

276 2488 322 2550 Et
337 2496 483 2569 sumptus
501 2486 619 2566 gaudet
633 2486 748 2552 fecisse
763 2491 903 2568 locoque
917 2489 1080 2574 modoque
1093 2514 1103 2567 ;

360 2590 482 2653 Stultus
496 2588 529 2650 in
545 2588 700 2670 expansis
713 2589 820 2653 nescit
833 2590 954 2654 habero
970 2591 1117 2670 modum,

274 2691 312 2752 In
328 2689 458 2774 proprio
473 2698 635 2772 parcusct
650 2689 804 2771 prodigus
819 2710 863 2752 cx
876 2690 994 2766 alieno,
1147 2695 1237 2756 1616

360 2794 464 2865 Quam
478 2791 578 2853 solam
594 2800 704 2872 captat
718 2788 865 2865 Chaerea,
880 2789 975 2854 laude
991 2801 1090 2856 caret.

273 2894 426 2977 Hospitio
441 2912 508 2954 non
523 2892 686 2968 cuononi,
701 2891 885 2975 quicunque
900 2892 1067 2957 modestus

358 2995 537 3058 Contentus
551 2992 686 3055 modicis
701 2994 880 3075 sumptibus
893 3015 964 3057 esse
980 3005 1097 3076 potest

275 3096 315 3158 In
333 3116 458 3158 summa
472 3091 592 3171 videas,
606 3114 679 3156 cum
696 3113 761 3174 qno
777 3093 834 3154 tibi
850 3113 901 3156 res
915 3093 957 3156 sit
971 3093 1111 3174 agenda,

357 3197 403 3259 Et
418 3203 570 3279 quantum
585 3194 714 3276 potaris,
728 3193 866 3273 moriger
879 3214 950 3256 esso
966 3194 1071 3257 stude.
1147 3201 1235 3265 1600

271 3298 358 3373 Hoc,
372 3308 528 3380 quantum
542 3295 675 3377 poteris,
689 3292 811 3356 dictum
826 3294 873 3356 sic
889 3293 1003 3376 accipe
1018 3313 1163 3380 semper,

357 3396 403 3458 Ut
417 3394 459 3457 sit
476 3393 654 3456 honestatis
669 3392 780 3473 regula
795 3392 885 3456 salva
899 3393 969 3456 tibi.

442 3493 533 3569 Quod
545 3493 713 3556 mendaces
727 3500 758 3554 et
774 3491 871 3554 bibuli
875 3493 1048 3574 fugiendi.

269 3595 446 3659 Mondacos
462 3594 573 3657 itidem
589 3594 700 3675 fugies,
716 3593 909 3676 bibulosque
924 3596 1067 3673 cavebis,

299 3701 302 3706 '
354 3696 400 3758 Et
414 3696 531 3779 quibus
546 3707 596 3758 est
609 3705 722 3758 venter
736 3696 803 3758 sivo
818 3695 965 3758 Lauerna
981 3697 1083 3761 Deus.

445 3794 579 3862 Qualem
595 3801 739 3876 oporteat
754 3795 868 3859 tatere
881 3796 1036 3860 comikm.

268 3896 318 3960 Sit
332 3905 480 3977 suspecta
493 3896 616 3973 Venus,
631 3896 673 3958 sit
687 3896 812 3959 sobrius
827 3908 924 3980 atque
938 3896 1091 3979 pudicus,
1143 3906 1231 3970 1625

356 3997 459 4069 Quom
476 3998 625 4061 comitem
642 3997 747 4080 longae
764 3998 879 4081 quaeris
893 3997 1013 4061 babere
1028 3998 1099 4062 viae.

269 4098 479 4166 Commodius
494 4098 575 4162 nihil
589 4110 637 4164 est
652 4120 743 4164 servo
759 4100 912 4183 socioque
928 4092 1038 4178 fidoli,v

355 4201 473 4265 Nullus
488 4200 523 4262 in
538 4197 693 4282 obsequio
709 4198 898 4264 commodus
912 4203 1034 4286 ubsque
1048 4202 1126 4268 fide.

456 4299 543 4367 Quae
554 4316 693 4378 wpemo
708 4299 823 4380 ιιὸἰᾳιισ
836 4305 1027 4367 nomm.

265 4402 327 4466 Est
341 4419 485 4481 expensa
498 4400 558 4463 vin
574 4399 747 4481 quaerenda
760 4400 832 4475 tibi,
848 4401 940 4465 dabit
951 4403 1041 4466 illam
