2992 5592
163 827 226 873 car.
242 808 355 888 mm]
512 826 756 872 nsranoorcus.
1048 813 1109 873 185

161 974 296 1054 diffiteri,
328 988 361 1040 ct
387 974 427 1040 ad
459 975 655 1040 malesanos
683 974 841 1039 accedere.
892 975 998 1050 Unde,
1028 989 1063 1040 ut
1090 1000 1111 1040 a

159 1076 272 1142 fabulis
302 1076 510 1151 instruamur,
539 1075 732 1147 Mercurius,
759 1072 949 1161 eloquentiae
978 1076 1108 1160 praesul,

159 1176 288 1242 hortatu
304 1177 415 1241 matris
431 1177 462 1239 in
478 1175 666 1260 Philotogiae
690 1175 818 1260 nuptias
833 1176 947 1240 transit
970 1176 1011 1239 ab
1034 1175 1110 1239 ado-

160 1277 307 1342 lescentia
329 1281 445 1363 prima,
464 1300 501 1340 eo
523 1274 610 1361 quod
629 1277 696 1362 jam
720 1276 879 1361 pubentes
899 1299 1001 1361 genae,
1017 1278 1110 1341 semi·

158 1377 280 1442 nudum
303 1400 374 1442 eum
397 1376 553 1451 incedere,
575 1375 808 1463 chlamydeque
828 1377 977 1441 indutum
1001 1401 1110 1464 parva,

156 1479 396 1565 invelatumque
412 1493 537 1555 caetera,
549 1477 753 1542 humerorum
771 1500 920 1540 cacumen
936 1479 1110 1555 obnubere,

157 1580 222 1644 sine
237 1604 354 1666 magno
366 1581 430 1644 risu
444 1579 604 1666 Cypridis,
617 1602 677 1642 non
691 1579 846 1643 sinebant.
886 1579 1002 1663 Cypris
1016 1579 1114 1661 enim,

158 1706 231 1769 quae
246 1682 388 1747 mixtura
408 1681 691 1766 interpretabatur,
708 1683 819 1765 vigens
838 1681 870 1743 in
886 1679 940 1750 eis,
957 1680 1013 1764 qni
1030 1683 1112 1766 sapi·

158 1786 252 1848 entiae
282 1798 315 1848 et
345 1783 535 1870 eloquentiae
565 1782 707 1846 mixtura
736 1781 941 1855 condiuntur,
971 1782 1112 1859 inermis,

159 1885 265 1962 nudae,
281 1900 486 1970 ventosaeque
502 1884 660 1948 facundia)
679 1883 804 1947 deridet
826 1883 968 1969 ineptias.
1016 1884 1112 1948 Latet

159 2001 264 2052 autem
289 2010 415 2052 sensum
439 1987 585 2064 hominis,
602 2010 693 2071 quem
717 1988 821 2050 multo
845 1991 986 2068 repitent
1005 1997 1113 2051 meter-

160 2113 238 2156 rena
261 2093 454 2155 inhabitatio
480 2093 640 2174 deprimit,
664 2090 774 2166 trium,
801 2088 937 2154 maxime
963 2104 1113 2176 expeten-

160 2188 286 2266 dorum,
297 2213 411 2253 arcana
422 2190 880 2276 prestantissimaquenatura.
915 2193 1111 2256 Haecautem

161 2304 232 2353 sunt
257 2312 332 2354 vero
354 2291 490 2367 bonitas,
512 2293 631 2355 veritus
655 2292 792 2370 sincera,
814 2292 900 2356 ratio
922 2292 1112 2375 incorrupta

160 2401 189 2453 et
203 2400 299 2455 certa.
346 2393 471 2455 Horum
495 2405 597 2455 tamen
622 2393 714 2476 quasi
738 2393 888 2456 olfaciens
909 2394 1112 2457 dulcedinem

161 2506 275 2557 natura
290 2493 439 2571 humana,
456 2495 507 2558 cui
528 2496 617 2558 Deus
639 2496 722 2559 sicut
738 2495 770 2559 in
796 2495 878 2560 libro
902 2496 1019 2580 Syrach
1036 2496 1113 2581 legi-

161 2605 223 2669 tur,
236 2599 343 2676 posuit
359 2598 480 2658 oculum
495 2616 593 2676 supra
611 2616 674 2669 cor,
692 2603 728 2657 ut
747 2597 925 2659 ostenderet
947 2600 1113 2676 magnalia

161 2715 287 2775 operum
303 2718 444 2771 suornm,
462 2704 500 2759 ut
517 2698 711 2759 laudaretur
726 2700 763 2757 in
778 2698 928 2770 bonitate,
945 2705 975 2758 et
994 2697 1114 2778 plora‘fi-

162 2809 293 2862 eoretnr
311 2803 347 2861 in
372 2799 571 2861 mirabilibus
585 2802 674 2860 suis:
705 2796 833 2872 horum,
850 2799 993 2880 inquam,
1008 2797 1115 2862 dulce-

162 2896 267 2961 dinem
294 2899 443 2973 sentiens,
467 2897 589 2982 appetit
618 2918 707 2957 nosse
729 2918 851 2970 verum,
876 2896 1114 2980 apprehendere

161 2999 292 3074 bonum,
309 3012 340 3062 et
361 2999 400 3070 ci,
417 3021 456 3060 ne
476 2996 677 3081 dispendium
693 2997 847 3081 patiatur,
863 2997 995 3059 firmiter
1010 2998 1116 3062 adhae-

160 3122 238 3164 rere.
285 3098 463 3183 Appetitus
478 3097 559 3159 enim
579 3096 639 3169 hic,
655 3096 844 3159 naturaliter
866 3120 886 3158 a
911 3097 980 3158 Deo
1003 3099 1116 3163 insitus

161 3215 207 3267 est
238 3198 370 3274 homini,
393 3198 451 3261 etsi
474 3220 531 3282 per
554 3210 713 3270 naturam,
737 3198 802 3259 sine
828 3200 943 3282 gratia,
966 3199 1116 3283 perficere

162 3327 223 3366 non
241 3300 351 3388 possit.
394 3298 491 3362 Unde
507 3311 571 3361 tres
587 3318 717 3372 sorores,
734 3297 815 3360 filias
831 3298 1009 3379 Phrenesis,
1024 3301 1116 3367 fabu-

161 3406 229 3470 losa
245 3403 399 3469 Gentium
417 3400 508 3464 tinxit
532 3398 715 3485 antiquitas,
733 3397 955 3485 Philologiam,
972 3403 1115 3466 Philoso-

166 3509 285 3594 phiam,
300 3521 332 3571 et
351 3503 567 3569 Philocaliarn.
606 3500 717 3565 Genus
733 3500 947 3589 Philosophiae
962 3517 994 3569 et
1010 3506 1116 3570 Philo-

165 3608 253 3671 caliae
263 3610 475 3693 Augustinus,
489 3604 675 3688 Philologiae
688 3603 882 3679 Marcianus,
890 3605 943 3668 sed
954 3611 1116 3691 cognatio·

168 3733 236 3773 nem
249 3711 356 3784 trium,
368 3710 486 3772 indicat
501 3706 653 3794 AEsopus.
690 3709 779 3791 Ergo
790 3706 866 3792 quia
876 3731 980 3772 veram
993 3710 1116 3775 bonita-

167 3827 241 3894 tem,
253 3812 449 3897 sapientiam,
462 3814 627 3884 rationem,
637 3809 695 3873 etsi
708 3808 848 3896 polliceri
860 3810 918 3873 sibi
932 3826 1116 3896 arroganter

167 3938 227 3980 non
244 3916 371 3991 audeat,
384 3915 509 3978 affectat
527 3926 630 3977 tamen
647 3911 860 3975 indesinenter
875 3912 1014 3976 humana
1028 3914 1115 3977 infir·

90 4013 92 4017 ¹
168 4013 1116 4096 mitas,versaturinamoreistorum,donecamorisexercitio

166 4139 221 4202 per
233 4117 378 4201 gratiam,
388 4140 438 4180 res
450 4119 544 4201 ipsas,
556 4138 635 4200 quas
644 4114 814 4188 desiderat,
824 4127 1021 4196 assequatur.
1048 4111 1116 4174 Has

168 4220 294 4305 quidem
319 4219 499 4282 affectiones
525 4217 692 4280 Phronesis
717 4216 812 4301 parit,
834 4215 910 4298 quia
933 4233 1037 4291 sapor,
1058 4213 1116 4295 qui

167 4323 314 4385 humanae
333 4334 456 4385 naturae
478 4318 641 4397 dulcescit,
657 4316 697 4380 ad
714 4317 778 4379 veri
802 4314 941 4395 bonique
965 4326 1116 4395 provocat

168 4423 354 4508 appetitum.
402 4422 482 4483 Nam
508 4424 597 4504 egessi
618 4418 729 4481 Graece
750 4413 867 4477 dicitur
891 4408 995 4494 sapio:
1027 4413 1117 4496 quod
