2992 5592
425 778 488 838 alu
681 794 819 839 massis
835 793 1112 838 saansanrunssrs
1224 777 1337 856 [sacr.
1353 800 1374 843 ι.

424 943 624 1025 restauratio,
635 941 666 1007 in
683 944 798 1010 merito
812 944 992 1031 recipientis
1007 947 1124 1010 amoris
1133 946 1331 1026 reformatio,
1345 949 1376 1013 in

423 1049 587 1114 honestate
608 1050 751 1114 muneris
766 1073 839 1114 vera
863 1049 1012 1115 nobilitas
1027 1074 1066 1115 ex
1086 1051 1214 1116 animo:
1240 1052 1272 1117 in
1288 1053 1376 1118 fami-

423 1149 559 1217 liaritate
582 1149 733 1236 sapientis
755 1172 879 1214 morum
903 1172 973 1214 cum
997 1153 1129 1216 scientia
1150 1153 1375 1219 consolidatio:

423 1251 454 1315 in
484 1252 675 1317 certitudine
709 1251 930 1338 ambiguitatis
965 1253 1104 1317 scientiae
1134 1259 1372 1321 consummatio.

424 1352 520 1416 Nunc
534 1376 610 1437 ergo
624 1354 774 1438 quoniam
790 1352 877 1439 apud
895 1377 949 1416 vos
965 1352 1054 1419 locus
1069 1369 1115 1419 est
1132 1355 1164 1418 iu
1181 1379 1249 1440 quo
1260 1379 1372 1420 aurum

422 1456 591 1531 conflatur,
614 1453 756 1518 libellum
775 1454 894 1518 idcirco
909 1453 1047 1518 delectui
1070 1468 1177 1519 vestro
1197 1455 1373 1543 dirigimus,

423 1553 479 1639 qui
491 1558 560 1619 ‘De
571 1567 691 1639 septem
702 1554 1047 1641 septenis'intitulatur.
1072 1556 1238 1634 Quietiam
1250 1559 1372 1633 avobis,

422 1670 573 1742 tanquam
603 1679 718 1721 aurum
747 1656 893 1721 obrizum
923 1657 1134 1722 examinetur.
1189 1661 1227 1725 ln
1260 1661 1373 1746 quibus

421 1758 568 1823 omnibus
590 1782 645 1822 vos
667 1781 757 1822 nosse
778 1761 935 1832 novimus,
952 1760 1030 1845 quia
1045 1762 1071 1824 si
1087 1758 1166 1846 quid
1188 1763 1373 1848 quaestionis

422 1860 471 1923 vel
502 1860 628 1926 nodosae
650 1861 860 1926 contentionis
889 1861 976 1947 apud
1007 1885 1063 1926 vos
1084 1864 1259 1941 emerserit,
1283 1864 1371 1949 quid,

421 1963 596 2026 secundum
613 1962 702 2048 quid,
718 1963 761 2026 ob
776 1960 855 2048 quid
871 1974 903 2026 et
918 1961 958 2025 ad
975 1961 1056 2047 quid
1072 1961 1184 2027 debeat
1199 1963 1247 2026 vel
1264 1965 1371 2048 possit.

421 2063 520 2127 Vobis
542 2063 641 2149 igitur
661 2063 829 2128 honestum
850 2062 942 2127 valde
960 2063 1120 2128 credimus
1140 2078 1171 2127 et
1191 2065 1283 2128 nobis
1302 2090 1371 2151 per-

420 2163 509 2238 utile,
526 2164 551 2228 si
573 2163 764 2248 ignorantiae
784 2164 963 2229 obscuritas
985 2164 1017 2227 in
1039 2162 1151 2240 lucem,
1174 2165 1370 2250 ambiguitas

419 2263 450 2325 in
481 2263 716 2340 certitudinem,
747 2286 897 2328 excessus
932 2263 1055 2327 multus
1083 2263 1114 2326 in
1145 2265 1369 2332 misericordiae

418 2363 784 2442 multitudinem,odium
792 2365 951 2430 diutinum
963 2364 993 2428 in
1001 2386 1256 2431 rerumamorem
1267 2383 1370 2434 vestro

418 2480 644 2531 convertantur
660 2480 814 2551 tempore,
833 2480 947 2530 vestrae
962 2464 1158 2551 disceptione
1173 2469 1307 2554 peritiae.

429 2659 513 2722 sect.
531 2663 558 2722 l.
582 2659 697 2722 Primo
713 2665 844 2740 septena
860 2657 1029 2738 deceptam
1046 2655 1144 2720 modis
1158 2659 1356 2726 eruditionis.

462 2777 628 2842 Gnarum
650 2785 682 2836 et
713 2773 818 2837 Graeci
849 2770 1034 2856 sapientiam
1057 2786 1231 2857 quaerunt:
1258 2771 1369 2839 Latine

420 2878 584 2942 veritatem
605 2877 795 2962 inquirunt:
819 2873 865 2938 illi
881 2884 1031 2959 quaerunt
1047 2889 1080 2940 et
1100 2875 1277 2955 inveniunt,
1293 2879 1368 2966 quia

418 3001 521 3043 mores
535 3001 608 3042 cum
624 2977 755 3041 scientia
768 2986 985 3061 componunt;
1010 2974 1061 3039 isti
1077 2975 1245 3062 inquirunt
1260 2992 1292 3044 et
1308 3002 1367 3044 non

418 3080 593 3156 inveniunt,
609 3082 686 3165 quia
698 3075 924 3163 disputationis
939 3076 1049 3163 potius
1063 3077 1256 3143 cavillationi
1272 3104 1367 3167 quam

419 3182 561 3247 veritatis
591 3181 788 3267 inquisitioni
819 3177 982 3242 insistunt.
1028 3177 1188 3244 Cavillosa
1211 3205 1288 3246 rero
1309 3182 1368 3246 dis-

418 3285 543 3370 putatio
557 3283 720 3370 ingenium
736 3280 912 3347 exercendo
931 3280 1063 3360 excitat,
1077 3281 1109 3345 in
1126 3305 1192 3367 qua
1207 3283 1233 3347 si
1250 3307 1366 3350 moram

417 3387 527 3450 fecerit
542 3385 693 3451 obtundit
707 3400 740 3451 et
754 3384 909 3451 fascinat:
935 3382 1021 3469 quod
1038 3383 1170 3468 quidem
1186 3386 1219 3449 in
1236 3384 1324 3451 invio
1337 3400 1367 3451 et

417 3508 479 3549 non
496 3489 529 3550 in
544 3488 596 3550 via
616 3488 761 3552 veritatis
783 3487 880 3550 hebes
894 3499 926 3550 et
941 3489 1075 3572 palpans
1095 3499 1201 3561 errat;
1227 3488 1367 3555 veritatis

416 3603 521 3652 autem
537 3589 704 3674 inquisitio
719 3591 798 3654 cotis
814 3589 880 3652 rice
894 3592 1015 3653 clarum
1028 3588 1192 3672 ingenium
1204 3605 1237 3656 et
1252 3591 1365 3658 subtile

415 3691 540 3758 reddit:
563 3693 596 3754 in
613 3690 695 3757 eiam
710 3694 830 3779 regiam
847 3704 983 3756 mentem
996 3690 1117 3776 dirigit,
1133 3693 1367 3759 mentisoculos

415 3794 454 3858 ad
482 3794 584 3860 ardua
606 3795 709 3880 erigit.
756 3796 802 3858 Et
832 3792 906 3858 licet
934 3792 1019 3858 bisce
1044 3792 1146 3856 oculis
1172 3795 1365 3883 quandoque

414 3896 563 3985 quaedam
595 3895 780 3983 aperiantur
809 3918 885 3981 quae
920 3896 1092 3971 latuerunt,
1122 3895 1230 3961 adbuc
1262 3911 1365 3963 tamen

414 4004 517 4066 multa
532 3999 642 4075 latent,
657 4021 732 4083 quae
746 3997 973 4083 comprehendi
990 4019 1051 4060 nou
1068 4012 1213 4082 possunt,
1230 3999 1278 4064 vel
1294 4000 1366 4065 sub·

414 4105 540 4180 tilitate,
556 4103 634 4190 quia
657 4124 782 4167 sensum
805 4101 976 4186 effugiunt,
1001 4098 1050 4162 vel
1066 4100 1276 4179 obscuritate,
1291 4103 1367 4189 quia

412 4229 469 4272 nec
485 4206 627 4272 studium
641 4228 698 4269 nec
709 4203 871 4288 ingenium
884 4201 1071 4277 admittunt,
1083 4199 1131 4264 vel
1142 4202 1366 4283 immensitate,

411 4311 487 4394 quia
497 4310 650 4374 rationem
662 4322 694 4372 et
706 4306 902 4371 intellectum
913 4302 1084 4369 excedunt.
1110 4304 1198 4368 Hinc
1207 4318 1255 4369 est
1266 4306 1365 4392 igitur

411 4411 498 4496 quod
520 4411 627 4475 divina
649 4409 796 4496 quaedam
820 4421 893 4471 sunt
912 4427 988 4490 quae
1010 4403 1040 4467 in
1073 4405 1363 4474 manifestationem
