2992 5592
489 825 566 871 vrrs
582 827 699 872 sancrr
717 826 875 872 ansatur.
1077 815 1140 874 309

186 988 219 1039 et
233 978 298 1041 rias
313 999 387 1042 suas
403 979 575 1062 prudenter
593 981 794 1056 examinans,
810 1001 908 1043 unnm
924 980 1138 1043 necessarium

186 1099 256 1141 esse
271 1082 448 1165 prospexit,
464 1096 495 1144 et
509 1080 597 1165 quod
611 1083 804 1165 eloquentie
825 1095 948 1145 torrens
964 1093 1019 1145 aut
1033 1081 1139 1165 philo·

184 1180 298 1262 sophia
312 1178 407 1266 bujns
421 1182 533 1245 mundi
552 1204 655 1246 reram
671 1203 735 1245 non
756 1182 879 1245 confert
893 1180 1136 1246 beatitudinem.

186 1281 267 1345 Haec
291 1305 376 1366 saepe
399 1295 554 1348 tumorem
575 1286 723 1368 pariunt3
750 1285 894 1347 timorem
916 1284 1062 1357 Domini,
1081 1285 1136 1369 qui

183 1384 308 1447 initium
324 1386 488 1468 sapientiae
508 1397 567 1464 est,
581 1407 744 1470 nunquam
761 1396 816 1449 aut
830 1406 909 1448 raro.
946 1386 1138 1469 Reprimunt

183 1481 342 1549 interdum
358 1487 459 1551 literar
475 1488 553 1552 vitia
568 1487 727 1572 quedam,
740 1499 773 1551 ct
786 1487 899 1550 mundi
914 1499 1136 1570 contemptum

182 1587 337 1664 afferunt3
364 1588 422 1652 sed
447 1590 541 1672 plane
565 1600 769 1673 contemptus
795 1589 907 1653 mundi
929 1589 1051 1652 inutilis
1077 1601 1137 1668 est,

182 1688 238 1751 ubi
253 1707 342 1751 amor
356 1689 420 1752 Dei
435 1709 501 1752 non
523 1690 728 1753 convalescit
774 1687 894 1752 Audita
916 1687 1016 1772 patris
1036 1699 1137 1752 morte

181 1789 322 1872 amplius
349 1790 555 1865 movebatur3
589 1803 621 1854 et
650 1812 749 1874 quum
780 1789 822 1854 ad
851 1791 1042 1874 obsequium
1072 1789 1136 1853 Dei

183 1889 316 1954 omnino
330 1891 472 1955 animum
487 1891 684 1968 inclinasset,
700 1913 797 1977 quam
817 1904 924 1955 tamen
940 1892 1137 1974 praeeligeret

181 1991 264 2053 viam
294 1989 412 2054 dubius
441 1992 621 2056 haesitabat
677 1995 729 2056 An
758 1993 845 2057 enim
874 2002 1039 2076 expeteret
1067 2013 1134 2056 cre·
1179 2028 1189 2047 ·

182 2113 281 2165 mum,
311 2114 352 2156 an
381 2094 555 2157 claustrum
592 2094 832 2172 monachorum,
862 2114 903 2157 an
933 2115 974 2156 ex
1008 2096 1134 2178 proprio

181 2195 373 2278 patrimonio
389 2194 519 2258 domum
542 2205 734 2260 construens
753 2197 932 2281 peregrinis
952 2219 1010 2280 pro
1034 2199 1134 2261 sacul-

183 2306 247 2359 tate
276 2307 309 2360 et
336 2298 531 2382 pauperibus
561 2299 761 2377 ministraret,
792 2300 933 2363 habebat
967 2299 1134 2364 incertum.
1221 2339 1226 2355 ι

184 2399 266 2462 Nam
280 2399 366 2463 circa
379 2401 450 2463 haec
465 2400 525 2463 tria
539 2401 715 2466 fluctuabat
726 2401 854 2466 animus
864 2401 943 2485 ejus.
974 2401 1134 2466 Caeterum

182 2521 223 2563 ne
244 2502 353 2565 levitas
374 2503 587 2586 praecipitaret
609 2505 813 2580 sententiam,
835 2504 921 2567 unde
944 2505 1136 2587 poenitentia

182 2625 248 2666 non
276 2615 361 2667 recte
391 2604 547 2668 sactorum
577 2606 740 2669 familiaris
769 2617 801 2667 et
824 2606 912 2689 jugis
942 2605 1134 2690 pedissequa

181 2715 384 2789 sequeretur3
407 2717 530 2769 motum
545 2706 662 2768 mentis
686 2705 823 2788 exponit
839 2704 1030 2778 Lansranco,
1045 2716 1133 2768 etex

181 2808 315 2870 consilio
339 2805 411 2891 ejus
437 2807 624 2870 Maurilium
648 2806 860 2869 venerabilem
884 2805 1134 2886 Rotomagorum

180 2908 456 2992 archiepiscopum
472 2907 616 2985 advenit,
628 2906 729 2989 ipsius
749 2927 845 2988 super
864 2906 926 2969 hoc
942 2908 1134 2972 sententiam

180 3013 353 3094 petiturus:
376 3009 566 3073 credebatur
580 3010 667 3074 enim
682 3009 802 3071 habere
818 3007 972 3090 Spiritum
988 3008 1132 3073 Domini.

179 3116 292 3197 Itaque
322 3134 365 3175 ex
396 3111 532 3174 consilio
569 3112 637 3197 ejus
668 3111 765 3173 vitam
802 3110 1022 3173 monachicam
1060 3112 1132 3175 aliis

179 3214 329 3276 omnibus
344 3210 540 3294 preferentis
549 3212 721 3275 Anselmus
733 3211 834 3273 Becci
848 3213 951 3273 iactus
962 3223 1012 3274 est
1021 3233 1131 3276 mona·

178 3315 260 3376 chus
274 3332 358 3375 anno
374 3311 477 3374 aetatis
493 3333 558 3375 suae
581 3330 686 3375 xxm.
730 3312 811 3375 Erat
825 3323 930 3374 autem
946 3311 1034 3395 prior
1048 3309 1133 3393 ejus·

178 3415 251 3478 dem
277 3412 341 3475 loci
363 3422 555 3476 memoratus
575 3413 774 3475 Lanfrancus
797 3414 857 3476 snb
878 3425 990 3476 sancto
1014 3414 1131 3477 abbate

178 3514 375 3597 Herliwyno,
390 3514 447 3596 qui
467 3512 507 3576 de
522 3514 713 3597 patrimonio
729 3534 788 3578 suo
810 3515 1010 3579 Beccensem
1025 3537 1045 3579 a
1059 3515 1129 3578 sun·

177 3615 334 3679 dumentis
371 3612 544 3678 aedificavit
573 3615 753 3679 ecclesiam.
811 3617 861 3677 Ab
891 3616 943 3679 his
975 3618 1132 3682 elementa

177 3718 363 3782 monasticae
385 3716 592 3799 professionis
610 3719 781 3781 Anselmus
803 3718 976 3802 accipiens,
998 3729 1030 3783 et
1049 3719 1129 3782 obli·

176 3822 303 3885 viscens
326 3841 436 3883 eorum
457 3840 528 3903 quse
549 3832 632 3884 retro
655 3832 741 3897 sunt,
756 3831 837 3882 etse
856 3819 897 3884 ad
915 3821 1053 3904 apostoli
1067 3822 1131 3884 for·

177 3944 262 3988 marn
276 3923 311 3986 in
331 3922 487 3986 anteriora
507 3944 633 4006 semper
654 3921 846 3999 extendens,
861 3921 983 3986 studuit
997 3924 1131 4006 implere

177 4025 386 4102 monachum,
407 4034 439 4087 et
454 4024 648 4087 aemulationi
663 4031 847 4086 sanctorum
862 4030 951 4084 tanta
966 4020 1133 4103 diligentia

176 4125 394 4202 incumbebat,
405 4138 441 4188 ut
453 4136 537 4189 esset
547 4125 581 4186 in
592 4124 680 4187 brevi
692 4123 937 4207 perfectioribus
948 4122 1131 4186 imitandus.

176 4227 341 4310 Siquidem
359 4230 391 4291 in
408 4228 545 4291 triennio
566 4227 612 4291 sic
634 4226 789 4310 profecit3
812 4239 847 4289 ut
861 4225 1017 4289 universis
1032 4224 1132 4289 rideri

175 4329 278 4411 possit
307 4350 349 4392 ex
377 4329 490 4392 merito
516 4327 750 4391 lucidissimum
779 4348 861 4390 verae
892 4325 1071 4390 sanctitatis
1099 4336 1132 4389 et

173 4430 361 4494 monastico
375 4429 582 4512 perfectionis
597 4430 791 4513 exemplum.
