2992 5592
268 805 329 865 124
522 818 658 862 scaurus
675 815 949 862 sunaseanran'us
1065 801 1149 882 [arn.
1166 819 1214 865 111.

265 967 374 1044 voluit,
394 965 536 1052 singulis,
559 991 619 1033 cur
643 971 691 1032 ito
715 971 768 1043 sit,
794 965 895 1032 voluit
920 965 1073 1044 revelare,
1099 972 1216 1033 Omnia

264 1092 404 1153 nomque
432 1073 477 1134 ad
500 1074 645 1154 plenum,
676 1092 769 1134 nosse
793 1071 922 1143 dicium
957 1073 994 1132 in
1023 1073 1116 1133 nullo
1144 1072 1216 1146 lobi,

266 1175 434 1255 Angelius:
454 1175 490 1235 in
502 1175 657 1256 plurimis
671 1174 748 1236 berse
762 1175 889 1247 sentire,
905 1175 1052 1235 lemano
1064 1175 1216 1256 perfectio

265 1282 321 1340 est.
378 1272 536 1338 Cumulus
561 1272 671 1359 itaque
697 1272 850 1349 scientiae,
877 1272 910 1336 in
936 1271 996 1336 boc
1021 1271 1216 1337 duodenario

266 1373 427 1440 solidatur.
464 1374 670 1460 Investigatio
688 1374 920 1460 Philosophiae,
936 1374 1105 1439 undenarii
1121 1375 1218 1439 sobri·

265 1486 352 1542 atate
374 1486 524 1542 contenta
546 1486 612 1543 est:
640 1487 684 1553 et,
707 1476 733 1540 si
757 1475 841 1540 ultra
861 1474 1074 1561 progreditur,
1098 1475 1218 1561 prolec-

269 1589 337 1643 tum
361 1599 455 1642 suum
480 1575 592 1662 gratiae
617 1598 657 1641 ex
681 1597 800 1661 magna
824 1587 913 1661 parte
938 1574 1078 1642 ascribit.
1136 1575 1217 1640 Nam

267 1680 468 1767 pulsantibus
487 1679 590 1766 aperit
610 1679 723 1765 gratia,
746 1689 781 1743 et
802 1677 998 1744 voluntatem
1021 1700 1125 1755 suam,
1148 1701 1218 1766 quae

268 1783 430 1869 originalis
445 1783 589 1848 omnium
604 1804 699 1847 causa
713 1793 772 1859 est,
784 1780 905 1847 revelat
919 1781 1081 1846 Dominus
1094 1782 1154 1860 his,
1166 1783 1217 1869 qui

268 1910 309 1953 ex
323 1897 391 1952 toto
412 1887 507 1952 corda
527 1868 677 1973 quaerunt
696 1907 781 1951 eam.
826 1888 925 1950 Porro
946 1885 1086 1971 Logicus
1107 1886 1217 1951 decem

268 1988 475 2054 institutionis
496 2010 563 2052 sum
577 1988 739 2054 elementa
758 1987 930 2074 cognoscit,
945 2000 979 2053 et
1000 2011 1098 2077 quum
1114 1989 1148 2053 in
1171 1989 1217 2053 bis

268 2090 364 2177 plene
379 2090 475 2155 brerit
489 2090 653 2168 educatus,
668 2091 702 2154 in
724 2103 814 2176 parte
832 2090 1089 2156 contradictionis
1106 2091 1217 2156 adver-

269 2193 387 2261 sarium
402 2192 506 2280 pergit
520 2215 561 2257 ex
575 2193 754 2258 intentione
769 2194 895 2280 plenius
909 2181 1108 2261 convincere,
1155 2195 1218 2259 Hae

267 2319 355 2381 ergo,
380 2318 453 2383 quae
478 2294 630 2360 dicuntur
652 2297 823 2378 naturales,
846 2309 879 2362 et
899 2297 1136 2385 quodammodo
1157 2298 1221 2362 ele·

192 2438 195 2444 ,
268 2407 428 2463 mentares
448 2410 533 2476 sunt,
553 2399 728 2485 praejacent
750 2400 961 2486 quaestiones:
983 2399 1117 2478 scilicet,
1132 2406 1219 2485 quid,

267 2511 439 2587 quantum,
454 2505 560 2585 quale,
576 2508 631 2583 dfe.
678 2503 723 2568 Et
736 2504 863 2587 exinde,
879 2525 979 2590 quum
1002 2504 1035 2568 in
1059 2504 1109 2569 his
1130 2526 1218 2591 gym-

268 2601 459 2689 nosopbistoe
474 2602 594 2668 fuerint
607 2603 755 2683 instituti,
771 2606 1055 2671 contradictionem
1071 2605 1217 2682 formant,

267 2728 414 2793 eamque,
430 2715 467 2770 ut
480 2704 544 2770 dici
559 2705 648 2783 solet,
664 2711 701 2773 in
716 2716 805 2773 arcto
818 2731 929 2793 compo
941 2707 1166 2789 distrahentes,
1180 2707 1219 2772 ad

267 2808 502 2895 reprimendam
514 2819 638 2893 partem
653 2808 843 2894 oppositam,
856 2809 985 2874 rationis
995 2833 1063 2874 sum
1074 2811 1220 2875 nituntur

268 2911 404 2978 aculeis:
435 2909 540 2975 tendit
564 2909 651 2975 enim
673 2910 809 2997 quisque
834 2932 1000 2991 evacuare,
1026 2912 1114 2998 quod
1136 2911 1217 2997 apud

268 3015 367 3080 alium
382 3023 536 3079 statutum
558 3022 616 3078 est.
663 3011 728 3076 Sed
750 3011 827 3099 quia
846 3013 1040 3078 naturalium
1057 3015 1160 3100 prima
1173 3024 1220 3078 est

268 3116 441 3206 inquisitio,
463 3117 497 3181 in
522 3114 591 3202 ipsa
616 3113 719 3201 primo
743 3114 857 3178 decem
880 3115 1132 3201 praedicamenta
1158 3116 1218 3181 ior-

268 3237 357 3287 mata
377 3231 463 3301 sunt,
485 3218 718 3304 excogitatique
747 3238 918 3294 sermones,
949 3218 1067 3304 quibus
1095 3218 1136 3283 de
1162 3218 1220 3295 bis,

269 3346 343 3409 quae
365 3323 468 3407 primo
491 3332 661 3386 occurrunt
684 3320 803 3399 sensui,
822 3333 877 3385 aut
895 3320 1088 3403 intellectui,
1108 3325 1219 3406 qualia

269 3429 336 3491 sint
360 3444 492 3507 corpora
513 3434 570 3486 aut
594 3423 731 3507 spiritus,
759 3427 851 3507 quid,
875 3433 1047 3508 quonium,
1070 3433 1102 3489 ct
1130 3426 1221 3506 quote

270 3536 362 3604 secet,
387 3535 443 3588 aut
468 3523 644 3587 secundum
667 3536 800 3590 caeteras
821 3526 1013 3613 quaestiones
1036 3525 1221 3590 naturaliter

270 3625 488 3715 procedentes,
503 3624 684 3691 declaretur
703 3629 948 3717 unumquidque
963 3650 1086 3695 eorum.
1126 3626 1220 3692 Unde

270 3741 304 3796 et
332 3728 580 3816 praedicamenta
609 3729 696 3794 dicta
725 3743 809 3809 sunt,
840 3731 906 3796 sive
942 3731 976 3795 in
1013 3731 1219 3804 sermonibus,

270 3835 336 3899 sive
362 3833 396 3897 in
428 3830 534 3913 rebus,
565 3830 679 3896 decem
705 3854 825 3916 genera
855 3832 1121 3919 praedicabilium,
1145 3846 1221 3920 qua

269 3937 315 4004 sic
350 3936 392 4002 ad
420 3935 595 4020 singulares
625 3935 868 4022 individuasque
900 3937 1094 4002 substantias
1123 3933 1222 4023 appli-

271 4052 405 4107 centur:
432 4062 505 4127 quoe
526 4040 567 4103 de
590 4038 665 4126 ipsis
682 4039 831 4125 judicent
853 4039 930 4126 quid
953 4040 1026 4118 sint,
1048 4049 1220 4123 qssontum,

270 4149 374 4230 quola,
390 4143 431 4210 ed
451 4143 584 4230 aliquid,
603 4143 669 4219 ubi,
693 4142 833 4230 quando,
847 4141 955 4219 situm,
971 4141 1050 4227 quid
1072 4141 1219 4216 habeant,

271 4248 398 4324 iaciant,
429 4258 485 4311 aut
516 4245 687 4332 patiantur.
742 4243 886 4308 Primum
924 4244 1032 4331 itaque
1069 4243 1221 4330 praedica-

270 4362 415 4415 mentum
439 4359 488 4413 est
517 4347 550 4412 in
580 4347 639 4428 his,
668 4367 742 4432 quae
766 4344 807 4409 de
837 4345 945 4433 aliqua
973 4345 1220 4412 substantiarum

271 4448 415 4517 indicant
440 4448 516 4534 quid
540 4447 612 4512 sint.
668 4446 853 4514 Secundum
881 4446 915 4511 in
946 4446 994 4511 bis
1023 4468 1099 4533 quoe
1123 4467 1222 4535 quan·
