2992 5592
266 793 329 850 tot
525 802 662 848 ioannis
677 802 968 849 sanusnnruuusrs

266 953 426 1028 exorabat,
442 962 480 1016 ut
492 972 566 1014 eum
582 950 658 1015 inde
673 951 796 1017 laceret
810 952 1002 1020 certiorem.
1034 956 1151 1022 Adfuit
1162 976 1224 1040 crgo

265 1055 367 1120 amico
380 1054 413 1118 iu
435 1052 565 1129 visione,
582 1054 772 1140 praecipiens
794 1054 888 1119 illum
911 1068 1047 1121 certum
1070 1080 1150 1139 esse,
1163 1056 1224 1144 quir

264 1179 305 1222 ex
321 1179 385 1244 quo
400 1177 497 1221 onere
512 1156 615 1220 camis
630 1169 747 1221 exutus
762 1170 820 1234 est,
837 1156 981 1242 gloriose
996 1158 1097 1224 illum
1111 1159 1224 1244 excepit

263 1271 298 1325 et
317 1260 432 1324 stolam
452 1258 699 1325 immortalitatis
720 1260 836 1342 induit,
856 1283 960 1348 quem
983 1285 1063 1328 vere
1087 1263 1223 1342 coluerat,

266 1363 360 1427 Jesus
376 1362 531 1428 Christus.

269 1706 350 1789 Cap.
372 1710 420 1770 19.
445 1707 496 1768 De
517 1705 684 1767 miraculis
705 1705 811 1766 sancti
829 1707 941 1786 patria
963 1709 1074 1770 nostri
1096 1708 1222 1771 Ancelni

314 1808 565 1872 Cantaurienst'a
578 1807 815 1885 arctiepiseopt.
854 1805 908 1867 Dc
921 1812 1067 1888 quodam
1084 1808 1223 1871 morracio

311 1911 445 1972 corteno
464 1909 585 1971 Christi
605 1908 863 1977 Cantauriani&
880 1912 942 1987 qui
966 1914 1105 1972 occessit
1118 1913 1162 1973 cd
1179 1916 1223 1972 tn-

311 2013 437 2073 mulnm
451 2011 556 2072 suncti
567 2009 678 2071 Patris
688 2007 832 2069 Anselmi
846 2029 950 2070 causa
962 2013 1096 2086 orandi,
1105 2013 1222 2085 scilicet,

311 2112 367 2173 An
379 2111 561 2181 Aneelmus,
575 2131 619 2171 rm
632 2130 693 2190 pro
705 2109 873 2180 Aneelmm·
891 2111 1038 2188 dignum
1050 2133 1117 2176 ease
1125 2116 1222 2194 ipsam

309 2215 422 2291 rogari
436 2218 476 2272 at
489 2217 661 2283 sanctum
685 2214 764 2290 quia
784 2228 901 2272 nomen
921 2214 997 2289 ejus
1010 2216 1168 2296 scriptum
1182 2220 1222 2277 erl

262 2337 264 2340 ·
310 2313 348 2372 r'n
362 2312 441 2372 libro
456 2313 552 2372 ritae:
574 2318 605 2371 et
619 2312 659 2371 de
673 2312 747 2373 aliis
762 2311 931 2373 miraculis
944 2314 1028 2391 ejece.

311 2491 457 2552 Louonn
470 2488 541 2561 erit,
555 2486 580 2547 si
597 2487 715 2562 omnia,
727 2509 799 2570 qnoe
815 2500 890 2551 tnnc
907 2490 1111 2567 acciderunt,
1122 2492 1222 2576 hujus.-

268 2591 356 2656 modi
383 2591 566 2652 reserantur.
612 2586 676 2649 Sed
706 2588 739 2649 in
771 2590 895 2670 paucis,
922 2591 1001 2673 qnia
1032 2593 1222 2655 succinctam

268 2690 472 2774 promisimus
493 2689 689 2764 brevitatem,
711 2689 792 2750 liber
816 2688 876 2751 iste
900 2689 1092 2767 claudatnr;
1122 2690 1223 2774 etqui

268 2791 361 2872 plura
386 2791 467 2852 scire
493 2788 658 2862 volueriut,
683 2796 846 2849 recurrant
871 2787 911 2849 ad
939 2790 1066 2866 sontes3
1099 2789 1223 2872 grandir

267 2893 381 2974 loquor
395 2890 567 2962 volumina,
579 2910 598 2951 a
614 2890 730 2971 quibus
744 2889 814 2950 haec
830 2890 919 2951 velut
933 2900 1025 2953 tanto
1041 2891 1173 2954 modico
1186 2887 1223 2954 ed

267 2992 481 3056 itinerantium
493 2990 744 3053 consolationem
755 3001 787 3052 et
798 2989 995 3070 refrigerium
1005 3004 1135 3075 sumpta
1145 3004 1221 3055 sunt

269 3094 424 3156 Noricius
447 3092 575 3175 quidam
601 3092 841 3154 Cautnarieusis
870 3092 1018 3155 ecclesiae
1042 3096 1223 3161 inonachus,

267 3195 349 3256 inter
363 3193 443 3256 alios
456 3194 509 3274 qni
526 3191 567 3253 ad
584 3193 723 3253 tumbam
736 3191 835 3272 patris
848 3192 991 3253 Anselmi
1008 3193 1124 3255 orandi
1135 3212 1224 3256 cansa

268 3297 429 3357 turmatim
453 3294 671 3364 confluebant,
692 3305 783 3353 actus
801 3291 931 3373 quidem
955 3292 1131 3358 devotione
1151 3296 1222 3357 illuc

268 3393 431 3468 veniebam
452 3393 621 3454 haesitabat
633 3406 748 3468 tamen,
758 3392 835 3475 quid
845 3393 953 3474 potins
965 3408 1053 3458 esset
1062 3396 1226 3469 orandum,

267 3495 392 3557 scilicet
407 3513 446 3555 an
463 3493 644 3566 Anselmus,
660 3511 700 3552 an
717 3511 774 3572 pro
790 3491 953 3554 Anselruo.
994 3493 1064 3557 Sed
1079 3516 1180 3578 quum
1193 3493 1223 3557 iu

266 3592 451 3675 hujusmodi
477 3592 686 3654 fluctuatione
713 3591 833 3653 diutius
859 3594 1068 3670 anxiaretur;
1101 3608 1170 3658 tota
1193 3613 1222 3656 se

267 3691 437 3752 dovotione
458 3692 617 3757 convertit
632 3690 672 3752 ad
694 3692 879 3760 Dominum,
898 3712 1017 3772 rogans
1038 3705 1075 3756 ut
1095 3694 1174 3778 qnid
1193 3712 1223 3755 sc

266 3800 412 3873 oporteat
426 3790 531 3852 facere
555 3791 745 3866 instruatur;
773 3803 806 3854 et
824 3792 902 3874 quia
923 3794 957 3854 iu
980 3796 1116 3877 veritate
1138 3795 1222 3878 pium

266 3889 444 3953 Dominum
470 3887 588 3969 stepins
614 3888 795 3975 invocavit3
826 3892 858 3952 in
886 3892 1007 3955 visione
1034 3895 1093 3956 nbi
1116 3895 1224 3957 orabat

267 4005 340 4055 ante
363 3992 458 4054 altare
478 3989 506 4050 ei
531 4000 659 4069 apertus
682 4001 731 4053 est
753 3993 844 4069 liber,
859 3993 891 4053 in
908 4013 974 4074 qno
996 3993 1223 4079 decentissime

265 4096 418 4177 scriptum
433 4105 511 4164 erat,
527 4090 666 4154 Sanctus
684 4094 861 4155 Anselmus.
907 4094 1075 4158 lntellexit
1090 4117 1167 4178 ergo
1181 4095 1225 4158 rir

266 4197 400 4259 devotus
424 4214 539 4256 nomen
567 4193 710 4255 Ansclmi
736 4195 892 4277 seriptum
917 4195 951 4257 iu
979 4197 1062 4259 libro
1089 4197 1174 4272 vitm,
1195 4206 1224 4267 et

265 4295 477 4378 praecedentis
493 4296 562 4357 ritae
579 4293 689 4355 merito
706 4292 837 4375 dignum
854 4316 924 4357 esse
946 4296 1055 4378 ipsum
1071 4278 1223 4378 rogarint

263 4407 429 4465 sanctum
463 4395 553 4456 Alius
575 4394 608 4455 in
631 4393 744 4456 eadem
768 4396 906 4457 ecclesia
929 4396 1025 4461 frater
1047 4399 1136 4481 gravi
1160 4417 1224 4460 cor·
