2992 5592
382 802 426 861 24
559 796 562 801 ’
648 813 1078 861 Josnnrsssnasuunrsnsrs
1218 798 1302 872 [un.
1318 817 1338 860 1.

388 965 564 1030 tributioue
586 964 750 1029 mercedis.
795 964 910 1030 Graeca
932 965 1034 1051 plebs,
1055 977 1087 1028 et
1111 964 1263 1045 Hebraea,
1278 965 1341 1029 sine

388 1078 620 1152 praeceptorum
657 1065 856 1143 difficultate,
891 1065 1011 1151 linguae
1050 1088 1116 1130 suae
1154 1065 1342 1152 compendio

391 1168 514 1233 utitur:
545 1182 658 1233 ettam
675 1168 775 1245 Galli,
789 1191 887 1254 quam
911 1168 1070 1244 Britones,
1086 1181 1118 1231 et
1140 1166 1213 1231 aliae
1233 1167 1341 1233 itidem

389 1284 514 1355 gentes,
523 1271 744 1336 commercium
757 1272 856 1346 verbi,
867 1283 940 1334 aute
951 1293 970 1333 a
981 1270 1143 1334 nutricum
1155 1270 1238 1344 sinu,
1248 1291 1343 1356 quam

390 1397 411 1437 a
437 1373 591 1439 cathedra
614 1373 784 1439 doctorum
809 1372 983 1460 excipiunt.
1028 1372 1174 1437 Nutricis
1203 1371 1344 1457 linguam

391 1477 582 1564 plerumque
597 1477 719 1543 redolet
741 1491 819 1542 aetas
834 1476 953 1540 virilis:
985 1499 1042 1539 nec
1057 1488 1162 1561 potest
1183 1475 1344 1540 interdum

391 1580 435 1644 ab
449 1602 497 1660 eo,
511 1579 598 1665 quod
615 1580 753 1643 tenerior
767 1590 845 1643 oetas
859 1577 1014 1651 ebiberat,
1029 1575 1195 1639 doctorum
1211 1574 1344 1660 diligen·

394 1682 439 1745 tia
454 1681 584 1746 erudiri.
629 1684 733 1755 Quam
758 1694 842 1745 recte
863 1678 1053 1765 loquuntur,
1068 1699 1164 1762 quam
1187 1677 1344 1763 expedite,

395 1784 529 1867 singulte
544 1797 666 1870 gentes,
678 1784 709 1847 in
726 1783 855 1867 linguis,
868 1803 949 1869 quas
963 1776 1008 1844 eis
1023 1780 1144 1844 decreti
1158 1779 1259 1843 divini
1275 1802 1345 1844 con-

395 1887 520 1951 stitutio
541 1883 734 1969 assignavit!
769 1889 799 1950 N
804 1883 926 1970 unquid
950 1896 1051 1947 artem
1069 1882 1220 1947 orationis
1239 1905 1346 1970 expes.

396 2001 476 2062 tant,
499 1999 554 2051 ant
576 2001 736 2071 praecepta
758 1985 976 2071 eloquentia?
1008 1986 1183 2062 Postremo,
1199 1984 1280 2071 quid
1302 1998 1348 2049 est

395 2087 587 2172 eloquentiae
612 2110 685 2151 cum
712 2086 940 2172 philosophia?
972 2088 1071 2152 altera
1095 2087 1180 2150 euim
1206 2088 1348 2152 consistit

396 2190 428 2252 in
453 2188 560 2268 verbo,
574 2192 673 2252 altera
695 2189 860 2276 sapientise
877 2189 942 2252 rias
963 2189 1101 2262 affectat,
1118 2188 1300 2272 investigat,
1318 2201 1348 2253 et

396 2292 519 2366 circuit,
532 2304 563 2355 et
579 2291 739 2355 interdum
758 2313 815 2376 pro
828 2291 938 2354 studio
952 2290 1118 2354 efficaciter
1128 2290 1349 2377 apprehendit.

398 2391 495 2457 Plane
507 2394 697 2477 eloquentia
711 2404 872 2478 praecepta
888 2391 1074 2476 sapientiam
1086 2414 1148 2454 uon
1161 2391 1347 2458 conserunt:

398 2495 451 2560 sed
469 2515 526 2557 nec
541 2517 678 2558 amorem
701 2496 789 2580 ejus:
820 2506 851 2557 ct
875 2493 1045 2577 saepissime
1067 2491 1198 2579 quidem
1221 2494 1249 2557 ei
1271 2493 1351 2559 obti-

397 2597 510 2661 nendae
536 2619 597 2660 uon
624 2596 793 2659 conferunt
851 2596 917 2658 Res
942 2598 1025 2659 enirn
1056 2594 1269 2681 philosophia,
1295 2610 1350 2660 aut

398 2698 470 2760 linis
500 2698 580 2783 ejus,
610 2718 684 2781 quae
712 2708 760 2759 est
796 2694 960 2780 sapientia,
991 2695 1119 2779 quaerit,
1150 2717 1213 2758 non
1245 2698 1350 2762 verba.

402 2802 516 2884 ltaque
539 2821 578 2861 ex
605 2797 654 2861 his
677 2796 790 2882 liquet,
815 2796 892 2882 quia
914 2810 1075 2883 praecepta
1098 2796 1290 2884 eloquentia
1312 2799 1351 2864 ab

401 2903 506 2989 operis
522 2901 586 2967 suis
602 2899 803 2988 philosophia
819 2900 969 2965 eliminat.

525 3059 605 3143 Cap.
621 3062 651 3120 7.
674 3055 727 3119 De
740 3057 1012 3120 commendatione
1025 3057 1223 3140 eloquentiae.

443 3177 664 3242 Conntcanun
678 3172 747 3237 haec
762 3172 877 3238 domus
891 3171 1010 3238 insulsa
1023 3174 1099 3254 (suis
1115 3188 1220 3239 tamen
1237 3176 1351 3259 verbis)

400 3290 431 3340 et
447 3300 543 3362 quam
560 3288 684 3340 constat
701 3276 802 3340 totius
816 3275 933 3364 eloquii
946 3277 1170 3362 contempsisse
1185 3294 1353 3367 praecepta.

403 3377 492 3441 Sicut
515 3378 599 3441 enim
624 3375 665 3439 de
690 3377 793 3463 seipsa
822 3391 970 3456 testatur,
996 3379 1141 3465 gravium
1173 3395 1354 3468 temporum

401 3501 597 3564 casuumque
623 3499 687 3541 uon
714 3492 818 3564 potest
846 3480 940 3544 simul
966 3504 1078 3548 curare
1098 3483 1298 3568 juncturam,
1324 3497 1355 3549 et

401 3580 630 3645 constructioni
651 3600 802 3644 sensuum
823 3604 950 3668 operam
967 3583 1051 3648 dare.
1097 3587 1188 3664 Esto,
1204 3585 1356 3673 loquatur

401 3683 493 3758 falso,
510 3683 588 3746 dum
610 3705 718 3746 rerum
741 3684 868 3761 sentiat,
885 3684 938 3749 sed
961 3686 1054 3773 plane
1075 3711 1136 3752 non
1152 3690 1354 3775 adquiescet:

403 3784 479 3873 quia
495 3785 589 3848 homo
603 3808 658 3849 ore
674 3786 823 3864 mendax,
838 3801 870 3852 et
887 3787 1002 3876 spiritu
1023 3790 1136 3855 falsum
1153 3790 1311 3877 loquitur,
1326 3804 1357 3856 et

402 3887 517 3951 falsum
544 3886 650 3952 sentit.
706 3886 761 3953 Ait
787 3891 882 3966 enim,
909 3891 1072 3978 superflua
1098 3907 1173 3957 sunt
1200 3907 1358 3980 praecepta

402 3988 601 4076 eloquentiae,
621 3991 773 4078 quoniam
796 4016 835 4058 ea
854 3994 1042 4058 naturaliter
1060 3995 1161 4070 adest,
1182 4010 1239 4062 aut
1260 3999 1358 4063 abest

404 4093 502 4173 Quid,
518 4093 660 4180 inquam,
676 4093 807 4158 falsius?
836 4097 895 4160 Est
911 4095 994 4159 euim
1014 4097 1208 4184 eloquentia,
1223 4100 1360 4166 facultas

403 4193 528 4260 dicendi
555 4195 733 4269 commode,
757 4195 845 4280 quod
870 4195 929 4258 sihi
957 4196 1027 4262 vult
1053 4199 1177 4262 animus
1204 4201 1359 4287 expediri.

404 4297 497 4374 Quod
514 4295 596 4360 cuim
619 4298 651 4360 in
668 4296 778 4360 abdito
799 4297 903 4360 cordis
918 4312 976 4378 est,
992 4301 1051 4364 hoc
1073 4301 1315 4386 quodammodo
1329 4304 1360 4367 in
1410 4379 1413 4383 ἴ

404 4396 504 4461 lucem
528 4399 661 4484 profert,
684 4410 714 4461 ct
737 4396 887 4483 producit
913 4399 944 4463 in
972 4401 1147 4487 publicum.
1196 4404 1360 4490 Siquidem
