2992 5592
428 844 504 888 vrra
520 843 635 889 sanem
650 844 806 891 nasetur.
1037 834 1099 892 333

144 996 362 1080 possessiones
382 997 451 1080 ejus
471 999 639 1062 confiscari
659 999 821 1081 pracepit,
841 999 874 1058 iu
896 998 1015 1061 irritum
1038 998 1098 1064 du-

146 1119 223 1160 cens
238 1098 345 1160 omnia
359 1119 431 1180 quae
446 1098 501 1160 ille
517 1109 665 1179 gesserat.

188 1198 358 1261 Anselmus
386 1210 490 1261 autem
520 1199 645 1262 indicto
680 1199 741 1260 sibi
778 1201 946 1263 laetabatur
979 1202 1099 1277 exili03

141 1301 264 1364 arrham
294 1321 423 1383 quoque
454 1296 567 1362 futurae
597 1298 806 1362 beatitudiuis
840 1312 980 1378 noverat,
1009 1302 1097 1383 quod

142 1422 215 1464 eum
236 1422 294 1482 pro
311 1399 437 1482 justitia
459 1400 527 1481 pati
551 1399 710 1462 Dominus
734 1399 936 1480 dignabatur.
981 1402 1095 1464 Eccle-

141 1500 260 1564 siarum
299 1497 551 1582 compatiebatur
592 1500 740 1562 aerumnis
782 1501 922 1582 sortique
958 1522 1099 1579 suorum,

141 1624 277 1684 quorum
308 1601 506 1664 calamitates
536 1601 591 1662 vix
622 1602 690 1664 sine
720 1602 861 1664 lacrimis
890 1603 1005 1666 referet
1041 1603 1097 1685 qui

141 1703 280 1766 fideliter
300 1701 480 1764 meminerit
502 1702 699 1782 tempestatis
717 1702 813 1764 illius.
861 1703 979 1765 Fidelis
994 1714 1098 1765 autern

139 1803 242 1879 Deus,
257 1802 314 1884 qui
336 1812 501 1883 sperantes
522 1800 555 1860 in
578 1822 612 1863 se
632 1821 699 1862 uon
719 1801 849 1876 deserit,
871 1803 950 1865 servi
971 1803 1019 1864 sui
1040 1823 1099 1884 pro

139 1904 212 1987 ipso
232 1901 384 1988 patientis
406 1902 618 1967 comitabatur
640 1902 793 1978 exilium3
819 1915 852 1966 ut
867 1925 997 1988 quoquo
1020 1925 1095 1985 gen-

141 2006 220 2068 tium
246 2017 304 2068 aut
326 2005 471 2066 loeomm
495 2005 626 2080 reniret,
649 2004 790 2068 humane
816 2006 1017 2088 reciperetur,
1041 2009 1097 2069 be-

139 2107 238 2187 nigne
253 2108 419 2182 coleretur,
435 2106 567 2168 honeste
583 2118 779 2183 tractaretur,
794 2119 826 2170 et
840 2108 1045 2172 exaudiretur
1056 2111 1097 2170 ab

141 2207 290 2270 omnibus
318 2229 376 2290 pro
406 2228 463 2269 sua
492 2208 676 2270 reverentia.
731 2209 817 2270 Nam
852 2208 886 2270 iu
915 2210 986 2292 ipsa
1015 2210 1097 2273 facie

142 2310 282 2374 hominis
297 2309 443 2394 quaedam
460 2310 577 2373 dirinae
602 2310 783 2375 dulcedinis
805 2313 905 2392 gratia
920 2313 1097 2390 relucebat,

141 2424 177 2476 ut
193 2414 233 2476 ab
249 2413 398 2475 omnibus
413 2423 588 2487 amaretur3
612 2426 645 2476 et
661 2412 842 2477 veneranda
864 2416 996 2479 canities
1011 2417 1114 2479 senis.

141 2513 284 2577 timentis
305 2514 482 2576 Dominum
505 2515 738 2597 aspicientibus
761 2517 926 2596 ingerebat
951 2539 1095 2580 reveren-

141 2616 217 2678 tiam
238 2615 356 2698 pariter
379 2612 411 2677 e't
430 2616 586 2677 timorem.
632 2616 796 2696 Cujusquc
820 2618 921 2678 aetatis
945 2627 978 2679 et
997 2638 1096 2680 sexus

140 2717 298 2792 homines,
313 2736 442 2800 quaqua
461 2716 605 2775 locorum
627 2713 797 2775 adveutum
819 2713 890 2795 ejus
911 2716 996 2778 sama
1014 2738 1096 2798 prae·

141 2820 358 2894 nunciaverat,
380 2817 408 2878 ei
432 2814 594 2876 turmatim
617 2815 845 2889 occurrebant3
873 2826 908 2876 ut
930 2836 1020 2879 sacra
1040 2818 1096 2880 be·

141 2917 325 2981 uedietione
341 2915 411 2998 ejus
425 2912 523 2995 potiri
538 2923 740 2974 mererentur.
787 2913 871 2974 Nam
892 2915 947 2997 qui
967 2916 1047 2978 nihil
1062 2917 1095 2979 in

141 3019 276 3083 transitu
302 3016 410 3077 sidere
442 3026 632 3091 meruerunt,
658 3035 692 3076 se
718 3013 827 3075 felices
853 3016 1095 3081 arbitrabantur.

139 3119 282 3203 Eloquia
297 3116 366 3199 ejus
382 3116 455 3178 Deo
470 3115 609 3192 condita,
624 3127 655 3177 et
670 3115 871 3177 auditoribus
890 3130 979 3197 grata
994 3132 1094 3196 erant,

140 3233 173 3286 et
197 3222 306 3284 Deum
333 3217 520 3282 timentibus
546 3215 687 3280 dulciora
713 3236 808 3298 super
834 3219 895 3279 mel
922 3231 955 3280 et
979 3218 1095 3281 larum.

140 3325 271 3396 Quanto
299 3320 438 3402 amplius
468 3320 643 3395 colebatur,
672 3329 762 3381 tanto
792 3318 917 3381 cautius
947 3320 1094 3383 virtutem

138 3423 327 3489 humilitatis
350 3421 568 3494 custodiebat3
596 3431 630 3483 et
654 3441 745 3483 serus
766 3418 884 3482 Christi
905 3420 1094 3505 discipulus,

139 3548 238 3613 quam
269 3536 354 3588 esset
384 3525 525 3586 omnium
556 3522 725 3598 maximus,
748 3523 831 3585 inter
853 3524 960 3586 socios
989 3546 1094 3589 versa·

136 3630 232 3693 batur
246 3639 282 3690 ut
290 3626 411 3709 junior,
428 3636 459 3687 et
475 3623 531 3707 qui
547 3623 751 3706 praecedebat
765 3624 849 3687 sicut
865 3625 1068 3691 ministrator.

181 3729 355 3792 Transiens
385 3737 491 3789 autom
523 3746 622 3807 usque
654 3724 860 3805 Lugdunum,
886 3727 931 3788 ibi
958 3731 1093 3794 nuncios

139 3850 220 3914 quos
242 3829 378 3891 Romam
396 3811 572 3895 direxerat,
595 3822 778 3886 infirmitate
804 3826 946 3907 corporis
969 3839 1001 3890 et
1022 3830 1094 3892 aliis

140 3929 332 4016 quibusdam
370 3928 477 3991 causis
514 3924 709 4007 praepeditus
744 3927 785 3988 ab
820 3926 944 4002 itinere,
975 3951 1093 4011 expec-

139 4033 227 4096 tarit.
272 4032 399 4102 Quibus
423 4028 645 4100 redeuntibus,
660 4041 792 4089 vocatus
808 4049 827 4090 a
843 4029 992 4091 Romano
1012 4051 1092 4112 pon·

136 4132 224 4197 tifice
250 4130 395 4215 pervenit
424 4129 627 4203 Lateranum,
654 4138 686 4188 et
712 4147 786 4188 cum
816 4125 937 4188 honore
968 4149 1092 4193 summo

135 4234 299 4317 recipitur.
345 4232 422 4313 Agit
451 4232 480 4293 ei
511 4232 628 4311 gratias
654 4229 792 4291 ecclesia
818 4229 982 4292 Romana:
1018 4232 1093 4313 Ipse

137 4355 268 4418 quoque
299 4335 465 4397 Romanus
500 4332 656 4414 pontifex,
689 4329 736 4409 [in
771 4329 956 4410 praesentia]
997 4333 1092 4396 totius

133 4437 232 4500 curiae
248 4448 279 4499 et
294 4436 450 4499 nobilium
472 4434 673 4517 populomm,
690 4432 744 4513 qui
767 4432 846 4494 tanti
867 4432 972 4496 exulis
993 4455 1091 4501 causa
