2992 5592
270 806 329 865 tot
523 817 660 862 sciurus
676 816 954 862 mnaaneamnsn
1069 801 1153 880 [mn.
1170 819 1219 864 111.

266 969 354 1046 dare,
373 968 414 1031 ad
438 967 670 1054 philosophiam
692 991 755 1031 non
778 982 842 1033 tam
865 991 1025 1032 accessum
1050 984 1219 1057 praeparat,

266 1093 364 1155 quam
386 1092 560 1134 recessum:
589 1093 693 1156 neque
719 1073 802 1135 enim
830 1070 1036 1154 proficientis,
1062 1072 1118 1135 sed
1142 1072 1221 1136 diffi-

266 1172 377 1237 cientis
391 1171 510 1257 ingenii
526 1171 681 1236 indicium
704 1187 762 1236 est.
806 1170 904 1235 Unde
924 1172 1086 1256 eleganter
1103 1175 1221 1238 Beatus

267 1273 477 1337 Ambrosius:
503 1274 654 1336 Libenter
665 1276 780 1358 fateor
794 1295 843 1337 me
857 1277 990 1351 nescire,
1005 1277 1094 1356 quod
1107 1280 1221 1354 meio,

266 1378 329 1438 imo
357 1376 443 1456 quod
471 1377 553 1446 seire
581 1376 668 1437 nihil
692 1376 832 1456 prodest.
877 1377 977 1439 Porro
1007 1376 1220 1460 probabilium

267 1477 483 1563 investigatio,
513 1499 553 1541 ex
583 1477 703 1563 quibus
732 1477 799 1541 lere
832 1478 963 1542 scientia
990 1493 1038 1542 est
1070 1480 1220 1556 humana,

267 1579 506 1666 quodammodo
521 1594 627 1643 manat
644 1579 766 1645 alonte
785 1580 999 1666 Topicorum3
1023 1602 1099 1665 quae
1114 1604 1218 1645 rerum

267 1705 514 1769 sermonumque
529 1681 731 1768 adjunctione
746 1681 954 1767 deprehensa,
969 1697 1085 1768 parant
1098 1683 1219 1769 copiam

267 1784 447 1850 rationum:
476 1798 513 1848 ut
538 1784 563 1847 si
590 1784 663 1869 quis
688 1782 719 1846 in
749 1782 795 1846 eis
823 1780 1016 1847 sufficienter
1045 1784 1221 1850 instructus

267 1885 378 1964 fuerit,
409 1884 489 1949 illud
520 1885 771 1970 Pythagoricum
802 1906 911 1949 verum
942 1907 1010 1949 esse
1038 1901 1219 1970 cognoseat,

266 1987 401 2072 quiade
420 1987 507 2050 omni
529 2009 563 2050 re
584 1999 689 2072 potest
709 1987 742 2049 in
764 1999 932 2072 utramque
956 2000 1077 2070 partem
1102 1989 1217 2073 proba·

261 2087 372 2151 -biliter
386 2086 544 2171 disputari
550 2113 559 2165 ;
574 2087 675 2172 ipsam
693 2110 778 2162 vero,
794 2087 889 2150 aienti
904 2100 963 2166 est,
977 2086 1214 2173 deprehendere

265 2186 443 2259 veritatem,
466 2186 584 2251 divinae
607 2186 657 2250 vel
679 2186 832 2271 angelicae
854 2187 1055 2272 perfectionis
1077 2202 1145 2253 est:
1176 2189 1217 2252 ad

267 2309 362 2373 quam
376 2301 464 2352 tanto
476 2287 612 2374 quisque
627 2287 818 2352 familiarius
832 2288 965 2366 aceedit,
975 2301 1097 2375 quanto
1107 2312 1218 2354 verum

269 2383 385 2475 quaerit
407 2387 544 2464 avidius,
558 2400 643 2452 amat
663 2388 839 2462 ardentius,
856 2392 1016 2454 examinat
1037 2390 1174 2469 fidelius,
1189 2404 1220 2455 et

267 2491 298 2555 in
325 2490 592 2577 contemplatione
613 2490 684 2577 ejus
705 2491 881 2577 jocundius
902 2491 1093 2556 delectatur.
1141 2496 1220 2557 Haec

268 2593 450 2659 summatim
477 2606 639 2680 excerpta,
665 2593 706 2656 ad
732 2592 915 2657 instantiam
946 2597 1150 2679 provocantis
1174 2617 1220 2658 re·

267 2695 371 2760 texui:
395 2718 457 2760 nou
473 2695 604 2781 quidem
620 2695 708 2782 quod
724 2695 893 2760 utilitatem
910 2710 966 2760 aut
982 2698 1218 2784 conceptionem

266 2798 513 2882 praecedentium
529 2797 684 2862 librorum
700 2798 793 2883 plene
808 2797 1029 2883 descripserim
1047 2799 1119 2877 (hoc
1134 2801 1215 2865 enim

267 2921 365 2985 supra
380 2899 461 2962 vires
482 2920 568 2963 meas
588 2910 648 2978 est,
666 2911 698 2960 et
714 2920 734 2959 a
748 2898 913 2982 proposito
934 2897 1087 2981 alienum)
1104 2900 1159 2964 sed
1182 2911 1217 2964 ut

266 3001 430 3079 articulos,
441 3001 495 3088 qui
508 3000 780 3086 proponebantur,
792 3012 825 3062 et
835 2999 1066 3064 criminabatur
1081 2999 1218 3080 inutiles,

266 3100 420 3166 officiosos
434 3125 501 3166 esse
519 3113 738 3164 monstrarem.
786 3100 877 3163 Idem
893 3123 1022 3187 quoque
1037 3104 1071 3167 iu
1088 3125 1219 3190 sequen·

267 3204 354 3271 tibus
368 3205 566 3291 propositum
582 3205 645 3268 esti
668 3201 785 3267 scilicet
801 3214 837 3267 ut
851 3202 960 3288 potius
979 3203 1099 3269 aemulo
1114 3228 1218 3271 occur·

266 3319 366 3385 ratur,
382 3329 478 3392 quam
495 3319 531 3371 ut
545 3305 577 3369 in
593 3317 689 3380 artes,
704 3327 784 3391 quas
804 3325 916 3367 omnes
935 3303 1063 3384 docent,
1072 3316 1136 3372 ‘aut
1157 3307 1220 3373 dis-

266 3421 355 3482 cunt,
370 3406 587 3470 commentarii
611 3406 823 3472 scribantura
840 3406 941 3471 nobis.
987 3408 1050 3471 Cui
1072 3408 1138 3473 ista
1159 3431 1219 3474 non

266 3506 402 3591 placent,
416 3504 528 3568 doceat
542 3504 678 3589 potiora.
