2992 5592
280 850 347 897 cre.
365 833 439 913 xm]
672 851 912 899 uaranomcns
1195 842 1238 900 99

278 1002 416 1068 infinitas
446 1023 516 1066 esse
538 1002 768 1088 conpatitur:
793 1004 846 1068 sed
878 1026 935 1068 nec
958 1003 1116 1080 relativas,
1139 1027 1234 1091 sagas

275 1127 336 1169 esse
359 1104 535 1191 permittit,
559 1104 638 1190 quin
654 1127 764 1169 earnm
789 1107 990 1191 significatio,
1006 1121 1061 1173 aut
1084 1108 1232 1174 determi-

276 1211 401 1272 natione
422 1228 581 1294 personae,
604 1219 662 1271 aut
685 1220 788 1284 actus,
810 1222 867 1273 aut
889 1210 1001 1274 activis
1021 1209 1151 1277 alterius
1179 1233 1232 1275 oo·

274 1323 425 1376 arctetur.
475 1308 639 1394 Siquidem
656 1308 788 1375 relativa
799 1310 898 1376 dictio
910 1325 969 1391 est,
985 1335 1059 1398 quae
1074 1313 1230 1398 significat

274 1433 347 1486 rem,
364 1424 403 1476 ut
416 1411 459 1475 de
471 1432 535 1497 qua
547 1411 707 1496 praecessit
717 1435 831 1490 sermo,
843 1414 892 1477 rel
905 1415 1067 1498 cogitatio.
1113 1416 1230 1498 Itaque

274 1535 371 1600 quum
385 1513 509 1577 dicitur
521 1512 645 1599 sapiens
656 1527 703 1578 est
719 1527 751 1580 ει
764 1515 853 1590 felix,
865 1520 922 1599 qui
936 1517 1020 1581 bona
1036 1515 1136 1592 novit,
1148 1527 1181 1579 et
1192 1538 1232 1580 eo

272 1614 407 1679 fideliter
429 1627 568 1692 exercet,
585 1614 727 1680 relativae
742 1617 909 1697 dictiones,
925 1617 1042 1682 scilicet
1060 1621 1119 1700 qui
1133 1630 1166 1681 et
1180 1639 1231 1693 cn,

273 1717 396 1782 etiamsi
419 1739 586 1805 personam
609 1739 671 1781 non
694 1718 888 1805 exprimant,
911 1733 1001 1784 actus
1022 1718 1232 1804 cognoscendi

273 1817 635 1897 determinatione,asua
644 1819 883 1904 quodammodo
892 1820 1049 1884 infinitate
1057 1831 1231 1884 arctantur.

273 1923 409 1986 Necesse
424 1932 531 1984 tamen
547 1934 594 1987 εει
608 1919 748 2007 aliquem
764 1942 863 1985 unum
880 1922 1075 1987 dictionibus
1089 1922 1230 1999 subesse,

275 2023 329 2109 qui
345 2036 380 2086 et
399 2021 482 2086 bona
496 2022 632 2103 noverit,
645 2036 678 2089 et
693 2037 851 2104 exerceat,
866 2037 897 2088 et
913 2047 952 2088 ex
967 2047 1006 2089 eo
1021 2028 1062 2091 sit
1076 2025 1167 2091 felix.

312 2126 399 2189 Nam
415 2139 454 2191 ut
468 2122 547 2188 nibil
562 2137 682 2191 certum
699 2139 732 2190 ει
755 2126 881 2191 linitum
903 2127 956 2204 sit,
971 2128 1004 2191 in
1025 2128 1114 2215 quod
1134 2127 1228 2193 cadat

272 2226 396 2302 relatio,
411 2249 476 2291 non
491 2228 661 2313 contingit,
676 2229 743 2293 sinc
759 2229 837 2294 vitio
852 2243 908 2294 aut
931 2232 1045 2316 ligura.
1091 2231 1188 2296 Unde
1203 2231 1229 2294 si

271 2351 377 2416 equus
407 2330 617 2416 promittatur
644 2327 677 2394 in
707 2354 833 2416 genere,
865 2345 898 2396 et
927 2332 1013 2398 dieat
1045 2332 1228 2420 stipulator,

270 2453 375 2519 equus
397 2432 455 2520 qui
482 2431 560 2496 mibi
587 2433 762 2518 promissus
787 2449 846 2513 est,
871 2457 965 2501 sanus
984 2450 1041 2502 aut
1061 2461 1147 2524 oeger
1168 2446 1227 2514 est,

274 2557 375 2622 quum
391 2531 495 2599 omnis
510 2557 613 2621 equus
635 2535 676 2602 sit
695 2551 753 2601 aut
773 2560 869 2602 sanus
888 2554 945 2604 ant
968 2561 1065 2625 aeger,
1080 2541 1229 2626 arguitur

274 2636 404 2724 nugari,
418 2659 458 2700 eo
472 2635 561 2722 quod
577 2659 640 2701 non
658 2650 706 2702 est
726 2661 841 2725 equus,
856 2640 913 2726 qui
933 2641 974 2707 sit
996 2642 1024 2705 ei
1043 2641 1228 2726 promissus.

273 2741 344 2804 Non
359 2739 446 2818 dico,
460 2761 527 2803 non
542 2747 599 2817 est,
614 2741 756 2826 eoquod
773 2764 835 2806 non
856 2743 985 2823 existat,
1000 2765 1072 2806 nam
1093 2755 1126 2807 et
1146 2741 1227 2806 illud

271 2840 356 2928 quod
371 2863 436 2906 non
450 2841 571 2922 existit,
586 2857 622 2907 ut
639 2855 752 2928 partus
769 2844 949 2922 Arethusae,
964 2844 997 2908 in
1017 2843 1227 2910 certissimam

271 2939 445 3008 deducitur
463 2942 701 3029 obligationem,
724 2945 779 3010 sed
800 2946 876 3031 quia
896 2945 1026 3032 species,
1045 2946 1080 3010 id
1097 2958 1158 3023 εει,
1179 2968 1229 3009 res
1285 2931 1294 2954 ⁰

271 3043 419 3122 discreta,
441 3044 668 3132 obligationem
691 3047 817 3133 generis
838 3069 902 3111 non
929 3046 1071 3133 attingit.
1117 3050 1225 3126 Quum

271 3147 356 3211 enim
371 3147 454 3223 dico,
471 3147 560 3234 quod
583 3149 792 3234 promittitur,
808 3149 896 3234 quod
910 3148 1121 3235 significatur,
1138 3150 1227 3236 quod

274 3247 477 3335 intelligitur,
491 3265 524 3316 et
540 3251 666 3322 similia,
681 3252 856 3316 discretum
872 3249 994 3337 aliquid
1016 3252 1227 3337 promissioni,

270 3365 328 3416 aut
342 3351 565 3436 significationi
588 3354 768 3440 subjectum
784 3365 832 3416 est
855 3351 880 3416 si
897 3364 1002 3416 tamen
1025 3354 1156 3441 propria
1177 3370 1226 3422 est

269 3451 562 3540 ipsarelatio,fiunt
572 3467 675 3520 tamen
685 3453 855 3518 relationes
864 3453 897 3517 in
906 3475 1033 3538 genere,
1042 3476 1127 3541 quse,
1137 3455 1226 3521 salvo

270 3552 435 3620 intellectu
463 3557 540 3633 reri,
563 3566 727 3644 nequeunt
748 3556 890 3619 revocari
916 3556 958 3620 ad
982 3556 1128 3643 speciem.
1177 3561 1225 3624 Ut

271 3677 373 3743 quum
382 3654 876 3742 dicitnr,mulicrquoesalnant't,
885 3661 1061 3724 damnavit.
1083 3662 1226 3745 Lignum

270 3760 357 3843 guod
366 3764 764 3837 mordacissimarum
779 3761 884 3824 dedit.-
908 3769 1035 3843 atquae
1048 3763 1157 3827 boreas
1166 3786 1227 3828 aa·

261 3864 343 3944 sert,
355 3865 477 3927 recolit
488 3865 576 3928 mitis
586 3863 901 3946 aeplyraasrondea
936 3862 987 3926 Sic
1001 3876 1034 3927 et
1045 3864 1077 3927 in
1090 3863 1140 3943 iis,
1150 3887 1225 3950 quse

268 3962 418 4047 predixi,
439 3962 590 4029 relativas
612 3965 769 4030 dictiones
790 3964 989 4050 accipiendas
1011 3965 1161 4042 arbitror,
1184 3979 1222 4030 ut

269 4086 331 4130 non
343 4064 518 4131 decurrant
529 4066 570 4129 ad
581 4068 728 4154 speciem,
740 4067 773 4132 id
784 4081 843 4148 est,
852 4066 893 4132 ad
903 4068 1069 4134 delinitum
1081 4068 1224 4153 aliquod,

270 4165 356 4252 quod
372 4165 567 4245 discernant,
578 4167 633 4231 sed
649 4168 824 4234 subsistant
834 4169 865 4233 in
877 4190 994 4254 gauere
1010 4221 1017 4234 .
1042 4174 1127 4234 Puta
1134 4165 1224 4252 quod

268 4267 466 4354 significatur
480 4268 541 4332 hoc
556 4270 681 4334 nomine
696 4275 796 4347 homo,
814 4272 934 4357 species
949 4284 1008 4350 est,
1024 4267 1174 4354 quoniam
1190 4281 1224 4333 et

270 4367 364 4434 bomo
393 4368 611 4455 significatur:
634 4385 666 4436 et
689 4372 785 4436 bomo
806 4369 990 4435 animalium
1021 4364 1141 4451 species
1166 4382 1224 4434 est.

269 4472 364 4549 Quod
376 4471 579 4559 significatur
589 4471 650 4537 boc
661 4475 788 4538 nomine
796 4475 935 4547 animal,
947 4483 995 4536 est
1009 4488 1126 4553 genus:
1151 4491 1223 4536 nam

715 4593 740 4637 n
756 4581 777 4638 2
