2992 5592
374 793 437 849 240
638 805 775 848 massis
791 804 1069 848 ssnasnsnmssrs

499 957 591 1023 Quod
606 958 705 1033 logica
722 959 885 1037 sapientes
899 963 930 1017 at
945 957 1198 1038 ‹liscretosjircit

374 1057 490 1139 lsogica
505 1055 584 1141 quid
603 1054 717 1131 valeat,
732 1067 788 1117 aut
804 1078 861 1117 cur
877 1054 997 1139 placeat
1016 1057 1163 1140 sapienti,
1288 1063 1330 1119 ‘25

459 1157 624 1234 Dicturus,
639 1156 752 1218 faciem
770 1155 1021 1241 philosophantis
1036 1157 1100 1219 adi.

372 1259 433 1335 Qui
451 1258 596 1344 sequitur
611 1258 677 1320 sine
694 1272 799 1320 mente
816 1279 941 1331 sonum,
957 1261 1015 1341 qui
1031 1259 1128 1321 verba
1144 1259 1294 1343 capessit,

460 1365 532 1424 Non
550 1382 686 1436 sensum,
699 1359 800 1446 judex
818 1359 941 1444 integer
956 1381 1025 1422 esse
1040 1361 1162 1446 nequit.

373 1465 481 1540 Quum
498 1463 561 1526 vim
578 1463 746 1526 verborum
763 1460 889 1524 dicendi
904 1483 1001 1525 causa
1015 1462 1186 1540 ministret,

462 1564 539 1631 Haec
554 1566 579 1628 si
594 1563 745 1642 uescitur,
761 1561 841 1646 quid
856 1562 916 1624 nisi
934 1575 1049 1627 ventus
1064 1568 1184 1628 erunt?
1284 1569 1327 1628 30

373 1669 453 1744 Quae
469 1668 570 1730 bonus
585 1665 714 1729 auditor
728 1676 841 1751 pensat
857 1662 897 1724 de
912 1677 1017 1726 mente
1032 1662 1205 1750 loquentis.

459 1774 532 1834 Non
548 1767 664 1854 quovis
679 1787 784 1838 sensu,
800 1786 895 1850 quem
913 1761 972 1827 sibi
989 1765 1087 1828 verba
1101 1766 1226 1838 ferunt;

373 1875 420 1937 Ut
435 1885 539 1936 tamen
555 1870 679 1933 assistat
696 1867 801 1931 verbis
816 1866 866 1928 lex
883 1879 970 1929 recta
982 1866 1146 1952 loquendi,

458 1975 530 2049 Qua
545 1972 611 2036 sine
626 1992 688 2034 nou
704 1982 854 2056 poterunt
867 1967 994 2051 pondus
1009 1968 1125 2032 habere
1139 1968 1250 2033 suum!

372 2074 557 2160 Aucupium
575 2073 663 2137 verbi
674 2071 865 2156 jampridem
879 2070 977 2155 jussit
992 2070 1033 2133 ab
1046 2069 1118 2133 aula
1278 2076 1324 2135 35

457 2176 526 2236 Lex
544 2175 700 2246 Romana,
716 2172 770 2236 sed
787 2172 847 2235 hoc
862 2185 982 2258 praetor
996 2173 1125 2257 iniquus
1138 2188 1233 2237 amat.

522 2277 574 2338 Da
588 2275 769 2355 nugacibus
783 2276 1011 2338 masticandus
1024 2277 1164 2356 logicam.

370 2377 427 2441 Lis
442 2388 489 2439 est
504 2376 627 2450 infelix,
643 2376 702 2438 uisi
719 2376 823 2439 forma
837 2389 967 2461 petatur
981 2377 1111 2463 agendi,

454 2479 557 2553 Quam
574 2475 683 2563 procul
698 2476 809 2555 arceri,
823 2480 844 2541 J
847 2477 1009 2550 ustitiane,
1021 2479 1127 2565 jubes.

368 2578 420 2644 Sic
434 2579 493 2642 nisi
509 2579 697 2666 complacito
712 2579 821 2666 pueris
836 2601 979 2643 sermone
993 2580 1146 2667 loquaris,

455 2684 617 2768 Conspuet
634 2683 665 2745 in
682 2683 793 2746 faciem
809 2681 939 2767 garrula
954 2683 1050 2746 turba
1065 2698 1165 2747 tuam.
1276 2695 1319 2750 40

369 2788 402 2852 si
417 2790 502 2876 sapis
516 2804 672 2863 auctores,
688 2800 830 2851 veterum
848 2785 873 2849 si
890 2786 1009 2871 scripta
1024 2810 1172 2863 recenses,

454 2892 501 2954 Ut
518 2903 650 2964 statuas,
666 2889 692 2951 si
706 2886 784 2974 quid
801 2886 885 2950 forte
899 2888 1035 2973 probare
1052 2890 1137 2968 reiis,

367 2992 521 3078 Undique
536 2990 732 3053 clamabunt:
759 2995 780 3024 “
797 3002 889 3051 vetus
905 2988 956 3052 hic
972 3014 1038 3077 quo
1053 2993 1154 3058 tendit
1170 2992 1308 3056 asellus?

453 3097 523 3159 Cur
537 3107 679 3156 veterum
695 3091 786 3155 nobis
800 3090 886 3155 dicta
902 3092 950 3154 vel
967 3090 1039 3158 acta
1053 3095 1170 3159 refert?

366 3203 393 3262 Α
409 3197 499 3260 nobis
515 3197 668 3282 sapimus,
683 3194 794 3258 docuit
810 3217 843 3257 se
858 3196 1145 3281 nostrsjuventus,
1273 3208 1315 3262 45

451 3304 523 3364 Non
540 3300 653 3385 recipit
668 3311 811 3362 veterum
827 3297 979 3383 dogmata
994 3315 1102 3364 nostra
1117 3301 1237 3364 cohors.

365 3404 437 3466 Non
453 3424 534 3464 onus
549 3400 731 3485 accipimus,
748 3414 784 3464 ut
800 3422 909 3465 eorum
925 3402 1023 3465 verba
1038 3425 1219 3487 sequamur,

450 3503 538 3580 Quos
553 3502 648 3566 habet
664 3517 811 3568 auctores
826 3504 965 3580 Graecis,
982 3507 1086 3569 Roma
1100 3505 1186 3569 colit.

365 3603 472 3668 lncola
487 3627 555 3667 sum
573 3604 688 3669 modici
704 3607 823 3689 pontis,
839 3626 941 3669 novus
954 3618 1066 3670 auctor
1080 3609 1114 3670 in
1129 3622 1209 3684 arte,

450 3708 537 3769 Dum
554 3706 643 3790 prius
658 3709 823 3771 inventum
839 3708 959 3793 glorior
974 3729 1042 3770 esse
1057 3730 1180 3782 meum;
1273 3717 1315 3772 50

363 3807 457 3888 Quod
473 3807 609 3869 docuere
625 3828 726 3885 senes,
741 3832 799 3872 nec
814 3809 905 3873 novit
920 3811 1021 3872 amica
1031 3810 1197 3896 juventus,

452 3909 592 3973 Pectoris
606 3908 772 3973 inventum
785 3912 863 3996 juro
878 3911 975 3974 fuisse
992 3910 1070 3983 mei;

361 4013 480 4080 Sedula
495 4034 545 4074 me
555 4011 710 4096 juvenum
728 4012 904 4077 circumdat
921 4013 1027 4091 turba,
1042 4026 1201 4098 putatque

448 4115 592 4180 Grandia
601 4115 776 4202 jactantem
793 4137 854 4178 non
870 4115 931 4180 nisi
947 4137 1019 4179 vera
1035 4115 1152 4200 loqui.”

660 4219 711 4282 De
725 4217 1018 4281 Melidunenribm.

361 4321 429 4384 Iste
444 4319 561 4406 loquax
576 4317 735 4403 dicaxque
750 4339 861 4403 parum
879 4315 1000 4381 redolet
1017 4316 1234 4390 Melidunum,
1270 4325 1311 4380 55

446 4421 597 4484 Creditur
614 4420 744 4484 Albrico
759 4419 883 4483 doctior
897 4419 956 4483 iste
971 4440 1039 4494 suo,
