2992 5592
546 803 770 850 surnarrcus.
1076 790 1138 847 255

213 962 304 1035 Quod
314 960 548 1049 providentiam
561 967 660 1041 putat
674 978 740 1021 esse
755 975 886 1019 ceresam
904 957 1110 1019 necessitatis.

189 1062 320 1128 Pronois
335 1084 469 1126 errorem
486 1062 640 1147 quianon
657 1059 812 1134 admittit,
828 1059 869 1121 ab
884 1058 940 1121 illa

276 1165 424 1251 Concipit
440 1187 576 1228 errorem
594 1163 711 1248 dogma
727 1160 823 1225 senile
837 1184 988 1246 gravem,

190 1271 323 1332 Pronois
338 1269 370 1331 in
388 1279 483 1354 partu
500 1266 557 1331 fati
575 1266 668 1329 nimis
682 1263 788 1327 omnia
804 1264 920 1350 pressit

277 1371 322 1434 Et
338 1370 435 1435 duras
451 1368 536 1455 leges
551 1368 718 1454 imperiosa
733 1364 831 1430 dedit.

196 1475 277 1547 Quoe
291 1474 550 1538 inconvenientia
564 1480 747 1554 sequantur
758 1471 900 1552 fatalem
916 1470 1143 1533 necessitatem.

190 1576 336 1641 Libertas
350 1575 433 1660 perit
450 1572 583 1651 arbitrii,
599 1572 623 1635 si
640 1572 706 1635 sata
722 1572 839 1635 coactis
1078 1575 1142 1635 815

275 1676 448 1760 Obsequiis
463 1686 594 1748 mentes,
610 1696 665 1736 ora
681 1696 861 1759 manusque
876 1686 1016 1738 movent.

190 1781 327 1845 Praemia
342 1802 400 1865 pro
415 1778 536 1842 meritis
551 1776 630 1840 nulli
646 1775 816 1857 debentur,
831 1774 863 1838 in
880 1775 984 1863 ipsum

279 1885 448 1946 Auctorem
466 1879 523 1945 lati
540 1879 672 1943 crimina
683 1892 799 1943 cuneta
814 1878 944 1943 cadunt.

191 1986 325 2048 Errores
340 1985 418 2046 istos
432 1980 632 2045 incommoda
647 1980 750 2044 multa
765 1993 955 2067 sequuntur,

279 2084 370 2158 Quos
387 2085 487 2148 vitare
503 2083 603 2170 pium,
622 2083 676 2147 sed
695 2105 861 2147 numerare
878 2083 977 2149 labor.
1082 2085 1145 2147 520

192 2189 356 2272 Exaequat
371 2183 481 2271 culpas
497 2206 655 2270 poenaque
670 2197 817 2271 coaequat
833 2186 942 2249 eadem

279 2287 415 2365 Stoicus,
428 2299 461 2350 at
477 2299 586 2349 contra
603 2285 718 2371 pagina
734 2310 822 2350 sacra
837 2287 923 2351 facit.

194 2392 232 2454 In
251 2388 360 2453 multis
376 2389 476 2474 igitur
493 2388 553 2473 legi
569 2389 725 2453 consentit
740 2404 771 2453 et
788 2389 871 2453 idem

279 2490 440 2556 Adversus
455 2490 556 2574 legam
573 2493 675 2553 multa
690 2488 803 2554 docere
819 2489 911 2556 solet.

194 2599 320 2678 Dogma
337 2591 415 2655 fides
430 2591 555 2676 recipit,
570 2591 630 2654 nisi
647 2589 698 2654 lex
715 2590 881 2655 manifesta
897 2606 1065 2678 repugnet,
1083 2601 1146 2660 525

280 2694 336 2758 Vel
354 2693 435 2757 ratio
449 2693 555 2779 potior
570 2692 630 2755 hoc
646 2693 818 2779 reprobare
834 2709 941 2776 queat.

436 2798 487 2860 Dc
503 2797 740 2877 Epicureorum
756 2796 912 2878 dopmnte.

195 2901 274 2962 Esse
289 2898 363 2962 boni
380 2918 535 2961 summam
552 2907 647 2981 putat
663 2894 745 2959 alter
759 2896 879 2978 gaudia
894 2899 1019 2976 mentis,

279 3007 387 3088 Atque
404 2999 561 3085 voluptati
578 3012 692 3061 cuncta
708 2998 837 3062 subesse
852 2998 955 3065 docet.

196 3109 267 3170 Hoc
284 3103 429 3189 equidem
448 3114 542 3176 recte,
560 3099 613 3163 sed
632 3100 657 3163 si
673 3099 713 3163 sit
730 3123 811 3186 pura
828 3100 987 3187 voluptas,

282 3206 317 3269 Si
334 3204 414 3268 ratio
429 3203 507 3266 dieti
522 3201 641 3286 gaudia
658 3224 732 3265 vera
747 3202 846 3287 capit,
1085 3210 1148 3268 530

196 3311 228 3374 Si
245 3322 348 3373 status
360 3306 534 3393 appetitur,
550 3318 597 3379 ut,
613 3304 699 3390 quod
718 3305 799 3381 vult,
816 3304 908 3383 adsit,
923 3320 954 3371 et
971 3306 1064 3388 absit,

282 3409 376 3488 Quod
394 3431 457 3471 nen
473 3406 543 3472 vult
559 3408 693 3480 animus,
712 3406 752 3470 ad
769 3406 822 3494 pia
838 3419 911 3472 vota
927 3407 1069 3487 studens,

197 3516 233 3578 Si
249 3512 338 3577 labor
353 3509 472 3597 aspirat
485 3532 589 3573 veram
606 3508 750 3574 conferre
765 3508 916 3596 quietem,

301 3617 311 3679 i
336 3637 423 3677 mens
439 3613 611 3700 tranquille
626 3613 745 3697 gaudia
761 3614 848 3700 pacis
863 3613 969 3679 habet.

197 3719 319 3784 Militat
335 3716 374 3781 ad
394 3738 501 3803 pacem
518 3715 608 3779 labor
623 3713 782 3778 officiosus
797 3728 828 3779 et
844 3715 955 3797 ambit,
1087 3721 1149 3782 585

282 3817 374 3897 Quod
393 3818 453 3881 sibi
470 3817 611 3882 laetitiam
627 3829 819 3904 perpetuare
834 3828 943 3903 queat.

198 3924 234 3986 ln
251 3921 370 3985 virtute
385 3919 476 3983 labor
491 3919 616 4005 positus
629 3917 795 3998 dulcescit,
810 3930 842 3983 et
858 3918 889 3981 in
906 3943 938 3984 se
982 3953 986 3958 ·

280 4028 374 4089 Mens
390 4021 627 4085 benefactorum
644 4020 768 4084 conseia
785 4019 860 4084 laeta
876 4021 973 4105 viget.

426 4125 478 4189 De
489 4145 606 4207 pugna
623 4124 780 4186 leboriae!
796 4126 921 4205 quietis.

198 4225 258 4288 Sed
276 4225 363 4291 labor
378 4238 411 4290 et
426 4227 553 4311 requies
566 4225 678 4288 ineunt
693 4224 725 4287 in
742 4246 874 4306 corpore
889 4222 1020 4298 bellum,

286 4328 389 4413 Angit
404 4327 468 4407 hic,
483 4326 538 4390 illa
553 4325 651 4404 foret,
666 4325 718 4389 hic
733 4325 831 4410 fugit,
846 4322 901 4386 illa
916 4337 1042 4388 manet:
1088 4327 1153 4391 540

197 4431 245 4492 Ut
260 4435 396 4496 multum
414 4430 511 4494 duret
526 4428 658 4505 bellurn,
674 4449 746 4490 curn
766 4441 907 4512 tempore
922 4440 1033 4504 cessat,
