2992 5592
265 838 328 895 849
518 843 657 890 ausurus
672 840 960 888 ssaasaaaiausrs

264 996 597 1077 WalterusTyrrellus
608 995 674 1072 ille,
688 995 744 1078 qui
754 995 849 1076 regiae
864 997 1041 1059 necisreus
1057 997 1222 1078 aplurimis

264 1102 369 1164 dictus
391 1107 450 1170 est,
467 1118 506 1159 eo
528 1095 616 1180 quod
630 1097 678 1158 illi
701 1097 866 1160 familiaris
888 1109 958 1161 erat
980 1109 1015 1160 et
1030 1109 1110 1162 tunc
1134 1101 1168 1162 in
1182 1101 1222 1162 in·

265 1201 383 1282 dagine
395 1200 531 1261 serarum
542 1198 679 1273 vicinus,
691 1210 723 1260 et
732 1197 799 1260 scre
812 1195 1018 1276 singulariter
1030 1199 1223 1274 adhaerebat,

267 1303 364 1366 etiam
381 1322 480 1384 quum
503 1310 611 1379 ageret
624 1300 656 1360 in
678 1300 841 1374 extremis,
856 1321 890 1362 se
910 1322 929 1361 a
946 1301 1041 1364 caede
1064 1303 1154 1364 illius
1172 1303 1222 1364 im-

268 1423 398 1465 munem
424 1422 493 1463 esse
516 1401 662 1462 invocato
684 1400 716 1461 in
740 1400 879 1462 animam
902 1423 994 1464 suam
1021 1403 1087 1466 Dei
1105 1402 1222 1486 judicio

269 1514 462 1588 protestatus
483 1511 541 1564 est
588 1498 730 1564 Fuerunt
751 1502 893 1583 plurimi,
913 1505 969 1585 qui
991 1504 1102 1586 ipsum
1125 1524 1222 1585 regem

265 1605 411 1690 jaculum
428 1624 491 1687 quo
506 1605 715 1685 interemptus
729 1613 779 1665 est
794 1604 918 1666 misisse
934 1616 1101 1683 asserunt3
1125 1618 1157 1668 et
1168 1607 1222 1667 boc

272 1707 435 1769 Walterue
465 1707 530 1782 ille,
559 1705 619 1767 etsi
658 1726 724 1767 non
764 1705 945 1768 crederetur
974 1708 1017 1782 ei,
1049 1717 1225 1771 constanter

273 1811 446 1872 asserebat.
498 1808 544 1870 Et
571 1807 714 1889 prolecto
745 1807 890 1890 quisquis
918 1807 982 1870 hoc
1013 1809 1140 1885 fecerit,
1169 1806 1226 1870 Dei

275 1910 435 1972 Ecclesiae
450 1929 516 1971 suae
532 1909 768 1971 calamitatibus
783 1909 1009 1990 compatientis
1026 1909 1226 1998 dispositioni

272 2008 411 2073 fideliter
425 2009 577 2073 obedivit.

322 2113 419 2175 Primi
443 2111 572 2195 quidem
589 2112 731 2175 omnium
747 2110 788 2173 ad
810 2122 930 2194 patrem
948 2116 1009 2176 sub
1037 2114 1126 2176 omni
1149 2114 1225 2175 eele-

276 2214 367 2274 ritate
406 2212 557 2274 monachi
588 2211 835 2274 Cantuarienses
864 2225 1049 2276 occurrunt.
1106 2211 1227 2276 Deinde

277 2332 461 2392 magnorum
487 2312 623 2373 virorum
650 2313 762 2374 nuncii
786 2314 975 2376 seinvicem
999 2317 1228 2397 praevenientes

279 2412 373 2474 totius
401 2411 515 2473 insulae
549 2409 753 2474 devotionem
783 2426 960 2495 exponunt.
1017 2413 1066 2478 Et
1104 2416 1230 2498 insuper

279 2513 412 2574 illustris
423 2532 479 2574 rex
491 2511 665 2592 Anglorum
679 2512 853 2586 Esuriens,
864 2514 917 2595 qui
928 2514 1014 2576 fratri
1026 2524 1232 2588 successerat,

280 2614 423 2677 revocati
443 2635 463 2676 a
483 2634 519 2676 se
540 2610 774 2695 archiepiscopi
796 2613 933 2676 reditum
956 2615 1097 2679 fideliter
1122 2637 1231 2700 proca·

282 2718 372 2780 ravit.
418 2718 460 2779 Se
480 2726 514 2779 et
528 2714 637 2777 omnia
660 2711 749 2795 regni
769 2717 898 2796 negotia
921 2738 963 2779 ex
987 2718 1076 2781 illius
1099 2717 1231 2781 consilio

283 2817 423 2901 pendere
452 2818 631 2903 pollicetur.
684 2815 816 2879 studuit
840 2816 926 2879 enim
956 2818 1040 2880 inter
1069 2820 1162 2901 regni
1187 2817 1234 2881 sui

284 2919 429 3005 auspicia
442 2919 517 3002 pius
532 2929 563 2981 et
577 2927 762 2980 mansuetus
776 2917 897 2996 haberi,
911 2940 970 3001 pro
986 2941 1075 2984 more
1095 2931 1232 3003 potesta·

284 3033 363 3096 tum,
378 3041 450 3101 quae
467 3019 571 3082 donee
592 3018 736 3081 solidatae
757 3019 831 3094 sint,
847 3033 1085 3084 mansuescunt.
1130 3021 1233 3104 Siqui-

286 3121 358 3183 dem
385 3119 553 3185 mitissima
578 3140 647 3181 sors
673 3131 723 3181 est
746 3140 916 3200 regnorum
946 3123 1006 3183 sub
1037 3143 1113 3203 rege
1143 3142 1233 3183 novo.

287 3223 445 3287 Ceterum
462 3242 560 3302 quum
577 3220 643 3301 regi
658 3240 742 3282 noro
758 3219 843 3302 apud
864 3221 1093 3299 Saresberiam,
1110 3221 1189 3306 quid
1204 3221 1237 3283 in

286 3324 434 3385 Romano
450 3320 591 3383 concilio
614 3332 738 3401 gestum
763 3322 814 3396 sit,
829 3323 1052 3403 exposuisset;
1083 3344 1159 3404 rege
1174 3333 1237 3384 tur·

286 3427 362 3488 bato
378 3424 485 3486 omnia
499 3423 532 3486 in
548 3424 739 3486 contrarium
756 3443 846 3485 versa
861 3435 941 3486 sunt
989 3426 1077 3496 Quot
1092 3425 1188 3504 igitur
1207 3435 1237 3486 et

289 3536 411 3604 quanta
424 3544 484 3606 pro
496 3523 643 3587 libertate
654 3523 860 3587 ecclesiarum
876 3525 1003 3588 duobus
1014 3527 1110 3588 annis
1125 3544 1241 3608 passus

288 3634 347 3698 est,
361 3624 489 3702 longius
506 3633 556 3685 est
578 3645 731 3687 enarrare.
775 3625 884 3695 Quum
900 3646 973 3688 vero
995 3646 1053 3689 rex
1077 3627 1238 3690 Hearicus

288 3719 410 3783 videret
433 3725 576 3786 Anselnri
603 3726 815 3788 constantiam
840 3725 1012 3797 invictam
1052 3727 1178 3808 rogavit
1205 3735 1240 3790 ul

290 3845 363 3887 cum
378 3823 505 3885 nuuciis
519 3825 585 3887 suis
609 3826 746 3887 Romam
762 3828 831 3904 iret,
846 3839 878 3890 et
900 3827 995 3908 regiae
1019 3829 1188 3909 diguitatis
1208 3830 1241 3892 in

291 3926 407 4008 Anglia
420 3925 504 3987 laesae
519 3936 703 4006 procuraret
718 3925 885 3989 medelam.
931 3929 1080 3990 Universi
1093 3928 1240 4013 episcopi

291 4029 426 4111 Angliae,
441 4027 583 4102 abbates,
603 4036 635 4088 et
650 4046 809 4108 proceres,
823 4029 1004 4096 acclamant
1017 4027 1107 4093 istud
1121 4030 1189 4111 regi
1205 4029 1245 4092 de

285 4133 358 4217 jure
388 4130 500 4211 negari
525 4150 591 4191 non
617 4149 730 4210 posse:
769 4129 809 4191 ad
836 4130 905 4192 haec
936 4131 1042 4213 iuquit
1073 4131 1247 4193 Anselmus

293 4232 576 4314 archiepiscopus:
605 4231 696 4292 “lbo
718 4229 848 4313 quidem
872 4231 1021 4314 quoniam
1042 4233 1157 4303 vultis3
1189 4231 1244 4294 sed

294 4335 444 4397 Ecclesia
469 4333 533 4395 Dei
555 4333 701 4394 Romana
721 4332 802 4394 nibil
826 4333 959 4394 consilio
983 4354 1063 4411 meo,
1077 4335 1126 4395 vel
1151 4355 1245 4417 prece

294 4436 398 4511 faciet,
410 4433 496 4518 quod
508 4432 713 4497 eeclesiarum
726 4432 915 4515 praejudicet
926 4433 1078 4510 libertati,
1090 4447 1146 4499 aut
1161 4434 1246 4497 sedis
