2992 5592
265 775 328 834 280
526 793 660 837 Jorsurs
677 788 959 835 sanssueuressrs

350 945 441 1020 Vere,
458 966 537 1028 quos
552 944 609 1007 tibi
628 943 681 1005 dat
696 944 813 1024 pagina
828 963 918 1005 sacra
935 943 1052 1006 duces.

266 1042 390 1107 Censeo
406 1044 614 1109 Christicolas
629 1047 728 1124 cultu,
744 1066 808 1107 non
826 1044 957 1107 nomine
973 1044 1114 1120 Christi,

351 1147 454 1218 Quem
470 1160 623 1232 praestant
638 1149 760 1211 homini
777 1149 840 1209 rita
855 1146 988 1229 pudica,
1004 1146 1103 1209 fides.

266 1249 376 1310 Gratia
393 1250 563 1339 inultorum
579 1250 706 1313 dabitur
719 1249 779 1311 tibi
795 1269 867 1310 vera
882 1248 1032 1330 sequenti
1145 1251 1230 1309 12⁷5

354 1351 526 1433 Dogmata,
541 1372 612 1434 quae
628 1363 780 1435 praestant
794 1349 936 1412 moribus
951 1361 1049 1432 atque
1066 1347 1145 1411 fide.

267 1450 343 1511 Non
359 1464 464 1515 tamen
481 1453 550 1516 haec
566 1453 621 1515 illa
635 1452 796 1536 produces
811 1462 898 1515 tutus
912 1451 946 1512 in
962 1451 1049 1525 aula,

356 1556 394 1616 ln
411 1575 474 1637 qua
489 1577 557 1618 rara
572 1565 679 1616 manet
693 1554 806 1634 gratia,
821 1573 891 1615 rara
905 1552 1000 1615 fides.

269 1655 354 1718 Pura
369 1654 450 1718 fides
465 1679 529 1719 non
546 1656 734 1719 solatamen
752 1656 859 1738 placet
873 1654 1036 1733 omnibus,
1050 1654 1109 1716 illa

357 1758 483 1821 Gratior
497 1770 547 1822 est
561 1760 686 1832 merito,
701 1780 797 1841 quam
814 1759 898 1820 bona
914 1757 979 1819 vita
994 1756 1091 1819 soret.
1142 1758 1227 1817 1280

270 1859 332 1921 Est
347 1881 428 1923 rerae
445 1862 516 1924 rritae
531 1862 603 1923 sons
618 1883 697 1943 pura
713 1861 805 1937 fides,
819 1859 960 1944 fideique

358 1963 433 2025 Vita
446 1965 522 2026 boui
539 1984 660 2026 mores:
685 1963 784 2025 donat
797 1973 966 2045 utrumque
983 1961 1084 2023 Deus.

274 2061 369 2128 Quod
385 2064 499 2124 santus
518 2071 566 2124 est
580 2065 700 2144 paucas
715 2062 849 2144 placere
868 2061 970 2138 bonu,
991 2079 1090 2141 quam
1112 2060 1227 2120 multi·

596 2166 704 2226 tudini
717 2163 897 2226 stultomm.

271 2258 336 2323 Sed
352 2262 428 2343 quia
442 2283 538 2323 nemo
554 2274 661 2343 potest
676 2262 783 2324 stultis
797 2261 918 2323 ratione
934 2260 1073 2343 placere,

359 2361 503 2423 Sufficiat
518 2362 668 2443 gravibus
684 2374 715 2424 te
731 2363 890 2446 placuisse
906 2362 989 2424 siris.

272 2461 336 2523 Vix
352 2461 555 2525 indoctorum
571 2463 689 2544 poterit
703 2465 778 2546 quis
793 2464 872 2526 ferre
887 2461 1075 2536 cachinnos,
1145 2464 1230 2523 lass

362 2565 396 2626 Si
411 2586 475 2626 uon
492 2565 533 2628 sit
546 2565 619 2628 forti
634 2579 775 2648 pectore,
791 2578 896 2628 mente
912 2564 1007 2646 gravi.

276 2663 400 2727 Sannas
416 2676 449 2728 et
464 2666 623 2729 rhonchos
638 2667 780 2748 geminat
793 2666 912 2728 lasciva
922 2666 1090 2749 juventus,

361 2764 460 2826 Audit
475 2766 515 2827 ab
532 2766 643 2846 ignoto
658 2766 684 2827 si
698 2786 783 2826 nova
796 2765 894 2826 verba
908 2764 1000 2825 libro.

275 2865 350 2927 Non
366 2867 467 2948 fugies
481 2866 644 2929 rhonchos
659 2868 862 2948 linguasque,
877 2886 1056 2947 manusque
1072 2886 1231 2947 procaces

363 2969 424 3030 Vix
442 2969 554 3051 fugies,
570 2969 631 3032 uisi
646 2970 696 3051 sit,
711 2990 776 3052 quo
792 2968 874 3031 duce
889 2979 978 3030 tutus
993 2989 1056 3031 eas.
1145 2972 1230 3030 1290

298 3068 351 3132 De
368 3068 548 3133 Theobaldo
561 3069 810 3152 Archiepiscopo
821 3079 854 3132 et
869 3068 992 3132 Thence
1009 3069 1231 3132 camelario.

276 3169 339 3245 Qui
348 3171 453 3254 jubet,
469 3185 503 3236 ut
519 3173 650 3250 scribas,
664 3172 747 3234 solet
760 3172 844 3234 idem
862 3172 981 3255 scripta
995 3171 1114 3247 lovere,

362 3273 506 3358 Quaeque
523 3275 621 3337 semel
636 3273 751 3356 recipit
765 3273 907 3349 nomina,
923 3272 1010 3335 clara
1025 3272 1110 3334 facit

276 3375 335 3435 llle
350 3376 570 3451 Theobaldus,
584 3377 639 3458 qui
655 3374 774 3437 Christi
790 3373 939 3457 praesidet
953 3374 1046 3447 aulae,

364 3477 467 3548 Quam
486 3478 561 3540 fidei
576 3490 707 3541 matrem
723 3477 840 3540 Cantia
854 3488 963 3539 nostra
977 3475 1067 3550 colit,

277 3576 376 3638 Huuc
392 3599 614 3641 successurum
629 3578 692 3641 sibi
707 3590 814 3660 sperat
828 3590 860 3640 et
875 3588 954 3652 orat,
969 3588 1005 3639 ut
1018 3576 1105 3640 idem
1147 3583 1233 3642 lass

363 3677 511 3742 Praesulis
527 3681 667 3743 officium
683 3680 807 3743 muniat
821 3691 916 3763 atque
931 3680 1049 3741 locum.

278 3777 344 3839 Hic
361 3789 419 3855 est,
433 3781 619 3843 carnificum
636 3782 690 3864 qui
700 3781 758 3865 jus
773 3781 929 3844 cancellat
944 3779 1102 3863 iniquum,

365 3881 454 3953 Quos
468 3882 581 3945 habuit
596 3904 686 3964 reges
702 3884 819 3963 Anglia
834 3895 929 3966 capta
944 3881 1009 3957 diu,

276 3983 360 4046 Esse
375 3993 490 4068 putans
505 4005 606 4066 reges,
621 4007 703 4069 quos
718 3994 769 4048 est
784 4006 939 4069 perpessa
954 3998 1126 4066 tyrannos3

365 4087 441 4149 Plus
457 4100 623 4152 veneratur
636 4109 704 4166 eos,
719 4088 775 4170 qui
790 4107 928 4151 nocuere
944 4088 1053 4169 magis.
1148 4092 1232 4152 1300

561 4187 769 4250 nemoribus
787 4187 947 4268 Hyrcani.

280 4291 379 4365 Huic,
397 4292 450 4374 qui
466 4291 642 4373 priscorum
658 4310 761 4350 mores
778 4289 931 4373 legesque
946 4290 1055 4351 revelli

365 4392 533 4473 Praecepit,
549 4391 675 4454 libitum
689 4409 748 4470 pro
763 4389 885 4452 ratione
900 4391 976 4463 suit;
