2992 5592
556 819 781 872 sn'ruameus.
1081 806 1141 871 291

281 979 409 1042 Morum
424 979 519 1055 sams,
534 980 636 1061 gravis
650 979 745 1057 actio,
760 999 863 1044 sermo
879 979 1020 1062 placens.
1061 981 1143 1040 1666

195 1076 267 1146 Quo
282 1081 385 1159 magis
396 1080 467 1144 haec
480 1079 599 1144 abeunt
608 1079 641 1141 in
657 1090 816 1163 sumptus,
832 1090 864 1143 et
874 1098 967 1160 mage
977 1085 1144 1152 crescunt余

279 1177 438 1242 Nummus
452 1179 487 1241 in
502 1198 679 1262 expensam
693 1199 759 1241 non
774 1179 932 1242 rediturus
947 1177 1016 1241 abit
1024 1200 1034 1254 余

196 1277 252 1352 Hi,
268 1299 471 1365 quocumque
487 1282 585 1357 voles,
599 1291 749 1364 poterunt
763 1280 935 1362 perducere
949 1291 1107 1361 sumptus,

282 1383 354 1445 Usu
367 1404 443 1446 nam
458 1383 573 1447 crescit
586 1382 649 1446 ista
662 1395 793 1446 moneta
807 1402 875 1445 suo.

193 1477 281 1561 Ergo
294 1481 356 1558 ria,
370 1502 575 1565 quocumque
591 1482 708 1564 placet,
724 1502 854 1545 securus
869 1476 982 1552 abibis,
1062 1481 1143 1541 1666

282 1577 348 1643 Sed
363 1590 469 1644 tamen
486 1580 527 1646 ad
543 1582 677 1664 patriam
692 1580 820 1645 dulcius
835 1581 879 1643 ire
894 1591 991 1643 tuam.

195 1679 287 1746 Quod
302 1680 426 1744 Contio
440 1687 541 1762 caput
556 1683 657 1763 regni,
674 1690 704 1746 et
718 1684 778 1762 qui
789 1681 836 1744 iti
844 1680 1059 1761 coomsdi,'qro'
1074 1698 1145 1741 nort

194 1779 388 1845 Pontificum
404 1803 580 1867 regumque
595 1804 710 1867 parens
732 1793 765 1845 te
780 1783 898 1846 Cantia
911 1783 1002 1860 fovit,

280 1882 534 1966 Hospitiumque
549 1884 609 1946 tibi
624 1892 783 1966 praeparat
797 1883 895 1946 immo
911 1882 1062 1957 domum余

196 1985 278 2048 Haec
295 1985 385 2067 petit,
401 1998 435 2050 ut
449 1985 562 2050 redeas
576 1994 611 2050 et
625 1986 658 2048 in
674 1986 729 2048 illa
743 1985 819 2048 sede
833 1985 994 2067 quiescas,

282 2086 363 2159 Quae
378 2099 477 2168 caput
490 2098 540 2150 est
554 2087 642 2168 regni
652 2086 852 2171 justitiaque
867 2086 990 2150 domus.
1062 2088 1145 2149 loto

201 2186 330 2249 Parebis
344 2187 435 2250 matri
451 2188 625 2270 praesertim
642 2199 733 2253 recta
746 2188 900 2263 monenti,

251 2357 253 2360 ,
282 2289 427 2372 Quaque
442 2299 513 2352 tuos
528 2289 633 2353 tendit
648 2299 834 2373 perpetuare
849 2287 927 2351 dies.

196 2389 335 2451 latrabis
349 2389 534 2463 claustmm,
549 2389 618 2467 sed,
633 2390 660 2452 si
675 2400 779 2473 potes,
793 2391 916 2474 absque
931 2391 1070 2464 cucullo,

286 2493 333 2555 Ut
346 2501 431 2574 post,
446 2492 474 2554 si
489 2491 600 2570 libeat,
615 2491 777 2573 egrediare
792 2502 878 2555 tuus.

198 2592 344 2655 Invenies
358 2592 436 2668 illic,
453 2592 532 2675 quid
547 2586 672 2676 semper
688 2593 769 2656 scire
784 2593 942 2668 laborant,
1063 2591 1146 2656 1645

282 2695 328 2757 Et
342 2694 457 2777 quibus
473 2703 522 2756 est
535 2691 667 2774 grandis
681 2712 780 2775 poena
793 2711 900 2755 carere
914 2692 1017 2768 libro余

196 2793 277 2857 Sunt
290 2795 356 2868 alii,
369 2795 424 2878 qui
438 2795 485 2857 sic
501 2793 682 2877 sapientum
696 2791 819 2875 scripta
831 2793 979 2870 licentur,

283 2898 329 2960 Ut
342 2916 406 2959 non
422 2893 587 2957 semissem
603 2903 722 2956 cuncta
737 2894 842 2956 valere
856 2903 979 2976 putent

197 2993 295 3077 Legis
308 3004 464 3059 amatores
477 2993 574 3058 adeas
589 3004 621 3056 et
635 2993 755 3077 scripta
769 2994 921 3073 colentes,

282 3096 403 3159 Contra
417 3114 557 3174 nugaces
571 3094 846 3177 nummicolasque
862 3114 948 3158 cave.
1063 3099 1146 3162 1660

196 3196 284 3267 Quas
299 3194 478 3259 contemnit
491 3214 572 3277 opes
587 3193 725 3277 sapiens,
740 3192 880 3257 admittit
894 3195 936 3258 ad
952 3216 1057 3274 usum,

282 3294 403 3368 Quaerit
417 3305 449 3357 et
461 3293 631 3371 interdum,
645 3314 712 3356 non
727 3306 834 3357 tamen
850 3296 972 3380 absque
986 3297 1093 3361 modo.

196 3396 325 3459 Frustra
339 3394 453 3478 quaerit
466 3414 557 3476 opes,
571 3395 647 3478 quia
661 3414 728 3459 non
744 3395 885 3475 satiatur,
899 3418 1023 3476 avaros,

284 3496 448 3573 Quamvis,
463 3495 617 3579 quicquid
632 3497 741 3574 habet,
757 3497 900 3561 conferat
913 3499 982 3582 ipse
996 3499 1098 3565 Deus.

196 3598 356 3661 Nummus
368 3597 399 3660 ei
410 3598 502 3660 Deus
512 3607 572 3676 est,
582 3597 637 3680 qui
648 3616 775 3681 semper
785 3604 913 3683 torquet
923 3601 1045 3667 amicos
1063 3604 1145 3667 1666

281 3699 327 3762 Et
340 3699 423 3762 solet
437 3707 586 3761 eternam
602 3706 790 3783 perpetuare
805 3699 931 3765 tamem.

195 3800 309 3863 Gratia
322 3821 391 3863 rore
408 3819 467 3863 suo
481 3819 622 3863 nocuum
639 3801 799 3882 restringit
812 3822 964 3881 amorem,

281 3899 347 3964 Sed
362 3899 514 3985 cupidam
529 3911 668 3966 mentem
683 3922 747 3964 non
762 3902 841 3966 facit
854 3906 978 3989 absque
992 3905 1085 3968 fame.

196 4002 313 4066 Omnis
328 4023 423 4087 posse
438 4002 545 4067 Deum
560 4016 671 4067 notum
687 4004 765 4067 satis
780 4017 839 4081 est,
854 4006 912 4068 sed
928 4026 1068 4081 avarum,

283 4104 333 4168 Sit
346 4104 422 4169 licet
436 4104 655 4187 omnipotens,
668 4126 735 4168 non
750 4106 865 4169 satiare
881 4116 997 4188 potest.
1063 4107 1145 4168 1666

199 4203 345 4286 Nequius
359 4204 422 4268 hoc
438 4203 518 4266 nihil
534 4214 593 4279 est,
609 4204 687 4288 quia
700 4205 782 4267 nulli
798 4203 901 4286 parcit
914 4203 1055 4286 agitque,

286 4306 333 4368 Ut
347 4303 389 4366 sit
402 4324 477 4367 cum
491 4303 623 4386 reliquis
638 4323 765 4386 semper
779 4302 896 4384 etipse
911 4303 1014 4364 miser.

197 4404 228 4464 N
232 4404 345 4485 equior
358 4414 407 4466 est
420 4402 502 4480 aliis,
516 4403 572 4487 qui
587 4401 692 4464 verbis
706 4402 816 4477 (lillis,
832 4401 934 4462 rebus

641 4518 664 4562 o
677 4502 701 4562 2
