2992 5592
265 759 328 816 stt
522 768 657 812 Joruurs
674 767 953 812 stnssuenreusrs

270 923 349 1006 Cap.
369 925 417 983 13.
442 919 614 982 Anrelmus
625 938 696 980 cnm
709 922 778 981 sois
791 919 924 1000 quiescit
940 919 1127 980 Forenttae
1138 923 1223 977 nocte

311 1043 389 1084 nno.
430 1023 482 1085 De
494 1021 632 1101 quodum
647 1022 726 1097 viro,
741 1023 799 1101 qui
806 1023 961 1100 jacuerat
976 1022 1012 1082 in
1029 1020 1110 1081 lecto
1125 1018 1223 1079 sanni

310 1124 466 1197 Anselmi,
480 1128 511 1184 et
525 1123 606 1202 quid
621 1123 651 1183 ei
666 1124 792 1184 occidit.
838 1123 890 1184 De
905 1121 1105 1183 inhibitione
1124 1119 1222 1180 suncti

311 1225 454 1286 Anselmi
468 1224 697 1303 archiepiscopi
718 1225 754 1284 in
777 1243 911 1302 regnum
937 1221 1068 1302 Angliae
1092 1227 1223 1300 tempore

315 1325 454 1386 Henrici
480 1324 590 1405 primi.
645 1324 697 1387 De
721 1325 858 1405 quodem
885 1344 966 1385 eaeoo
992 1325 1183 1384 illuminato
1205 1340 1222 1380 e

312 1431 423 1486 sancto
445 1425 596 1487 Anselmo
615 1431 753 1505 tempore
773 1427 866 1486 exitii
887 1424 1030 1486 secundi.
1078 1423 1133 1484 De
1150 1440 1224 1502 pecc

304 1527 403 1609 secto
418 1528 620 1604 interregem
639 1526 819 1588 Henricum
834 1526 966 1605 Angliae
981 1534 1014 1587 ct
1029 1524 1221 1586 Ametinum.

315 1643 524 1703 Rannuurus
551 1641 742 1704 Florentiam
766 1641 909 1715 veniunt,
929 1650 961 1701 et
983 1640 1030 1701 ibi
1057 1639 1223 1720 quiescunt

272 1753 369 1805 nocte
391 1763 463 1805 una.
509 1742 761 1805 Discedentibus
782 1741 857 1818 illis,
880 1739 1031 1802 dominns
1054 1738 1222 1801 demusin

272 1845 359 1907 lecto
388 1865 453 1927 quo
483 1845 652 1906 Anselnurs
678 1842 824 1925 jacuerat
852 1863 913 1923 pro
941 1863 1030 1903 more
1061 1838 1223 1901 decubuit.

274 1945 347 2014 Quo
362 1943 539 2006 dormiente
560 1942 650 2005 adest
664 1944 760 2004 homo
777 1943 915 2021 ignotus,
931 1962 1068 2003 monens
1093 1958 1130 2001 ut
1150 1936 1224 2000 iude

273 2042 369 2103 citius
384 2057 502 2123 surgat.
547 2043 591 2105 Et
614 2041 730 2124 adjecit
753 2038 922 2121 indignum
948 2061 1031 2116 esse,
1048 2052 1084 2101 nt
1107 2040 1223 2100 lectum

274 2158 457 2227 occuparet,
479 2146 512 2207 in
537 2166 600 2228 quo
627 2154 733 2207 tantus
758 2144 878 2227 quievit
900 2144 1028 2224 hospes.
1074 2142 1223 2204 Contem-

273 2246 361 2305 neuti
391 2258 487 2307 nocte
517 2245 661 2307 secunda
690 2246 771 2307 risio
801 2244 954 2307 minacius
984 2257 1016 2305 et
1055 2242 1223 2305 terribilius

272 2346 410 2406 iteratur.
458 2345 520 2406 Illo
543 2357 646 2407 autem
672 2359 761 2407 moto
786 2345 918 2428 quidem
942 2343 998 2407 sed
1022 2366 1089 2406 nou
1117 2357 1152 2405 ut
1174 2363 1222 2404 ce·

273 2444 372 2520 deret,
386 2445 476 2506 tertia
489 2455 584 2506 nocte
607 2443 830 2522 denunciatur,
845 2458 880 2509 nt
895 2446 985 2507 ocius
1004 2456 1114 2525 surgat
1136 2453 1168 2505 et
1190 2463 1223 2503 se

272 2544 390 2607 exinde
405 2546 574 2620 cohibeat3
603 2545 822 2627 experiturum
837 2546 903 2607 sore
927 2566 992 2608 non
1017 2565 1089 2607 esse
1106 2544 1223 2606 santae·

274 2647 374 2710 ticum
390 2646 475 2729 quod
492 2646 628 2710 ridebat.
664 2648 806 2709 Territus
821 2646 876 2709 illc
888 2647 1024 2721 somnio,
1035 2666 1131 2707 mane
1147 2642 1224 2706 adiit

275 2750 317 2812 ad
333 2750 521 2834 episcopum
538 2750 693 2827 civitatis;
723 2760 756 2812 et
771 2749 878 2813 audita
893 2771 951 2832 per
965 2771 1038 2812 eum
1057 2749 1224 2810 sanctitate

276 2851 430 2927 Anselmi,
439 2852 556 2914 lectum
568 2873 610 2913 ex
622 2863 696 2913 tunc
711 2851 743 2912 in
758 2850 844 2913 omni
857 2851 1031 2913 reverentia
1042 2848 1221 2913 custodivit

275 2952 383 3022 Quum
398 2961 502 3013 autem
524 2950 715 3030 Lugdunum
739 2950 1070 3032 appropinquasseut3
1099 2947 1223 3009 Willel-

276 3072 347 3113 mus
373 3074 458 3135 sepe
484 3049 589 3114 dietus
618 3051 658 3113 eb
689 3051 932 3132 archiepiscopo
961 3070 1158 3126 recessurus,
1183 3068 1222 3109 ex

275 3164 366 3236 parte
392 3153 475 3232 regis
502 3153 626 3234 Angliae
653 3152 804 3229 inhibuit,
830 3173 870 3212 nc
899 3151 1048 3232 Angliam
1079 3149 1225 3230 ingrede-

276 3266 379 3323 retur3
405 3254 466 3315 nisi
481 3254 661 3336 postposita
675 3251 857 3315 obedientia
879 3251 965 3314 sedis
981 3251 1167 3334 apostolicae
1189 3271 1223 3312 se

276 3352 524 3415 consuetudines
539 3373 649 3414 omnes
664 3352 827 3435 utriusque
844 3351 996 3413 Willelmi
1019 3372 1129 3433 regum
1152 3373 1223 3433 pro-

276 3454 414 3515 mitteret
436 3451 574 3514 fideliter
598 3462 802 3515 servaturum.
847 3451 983 3514 Miratur
1005 3452 1076 3513 hoec
1104 3452 1223 3514 archie÷

275 3554 440 3635 piscopus,
457 3555 531 3637 quia
546 3555 609 3616 alia
625 3553 809 3616 conditione
825 3552 965 3622 exierat3
997 3554 1117 3616 mansit
1139 3555 1223 3635 Lug·

277 3652 374 3718 duni:
415 3665 448 3716 et
477 3675 535 3715 rex
566 3656 730 3717 Henricus
759 3676 870 3717 omnes
908 3654 1129 3736 possessiones
1156 3655 1223 3739 ejus

276 3752 440 3813 Willelmo
460 3753 610 3815 redeunte
633 3757 787 3838 praecepit
806 3755 985 3818 confiscari.
1031 3756 1161 3818 Interim
1183 3756 1223 3819 ad

277 3854 462 3918 Anselmum
493 3853 525 3913 in
556 3855 725 3916 oratorium
762 3878 866 3919 caeeus
896 3854 1026 3939 quidam
1057 3856 1222 3931 accedens,

278 3954 418 4019 obtinuit
432 3962 467 4021 ut
489 3973 585 4036 super
606 3956 718 4019 oculos
740 3957 810 4038 ejus
832 3957 959 4038 siguum
983 3958 1088 4019 crucis
1111 3959 1224 4040 pollice

277 4054 431 4140 pingeret.
476 4056 567 4119 Fecit
581 4057 642 4118 hoc
660 4057 763 4135 tertio,
780 4056 892 4120 dicens
907 4058 969 4124 sic:
1000 4058 1141 4122 “Virtus
1157 4081 1224 4123 cru·

278 4159 326 4219 cis
349 4158 468 4221 Christi
492 4159 651 4220 illuminet
674 4159 784 4219 oculos
807 4159 896 4233 istos,
911 4171 943 4219 et
965 4160 1005 4220 ab
1029 4159 1076 4220 eis
1099 4181 1222 4222 omnem

278 4259 491 4320 infirmitatem
517 4258 667 4340 depellat,
688 4259 883 4342 integraeque
906 4260 1033 4321 sanitati
1057 4261 1228 4323 restituat.”

277 4359 319 4425 ltr
337 4380 433 4446 quum
449 4379 503 4419 eos
519 4358 702 4441 aspersisset
722 4379 805 4442 aqua
829 4359 1039 4434 sanctificata,
1055 4361 1225 4435 illuminati
