2992 5592
384 796 449 855 256
642 807 781 853 Joauurs
797 808 1071 854 sannsueureusrs

473 959 536 1023 Sed
553 961 649 1023 finem
665 961 755 1043 pacis
771 973 915 1043 tempora
929 963 1018 1025 nulia
1034 960 1166 1027 dabunt.

387 1058 470 1124 Vera
484 1062 576 1145 quies
590 1061 692 1124 aderit
707 1071 797 1136 tunc,
813 1081 912 1143 quum
928 1084 1003 1124 caro
1019 1063 1147 1128 subdita
1163 1068 1263 1129 menti

473 1163 579 1226 Morte
595 1162 792 1245 triumphata
807 1163 982 1245 spiritualia
996 1166 1065 1241 erit,

387 1265 431 1327 Et
447 1285 522 1328 caro
537 1265 582 1327 nil
598 1263 722 1348 recipit,
736 1263 798 1327 nisi
814 1264 900 1348 quod
916 1266 1038 1330 ratione
1054 1270 1217 1350 probatur,
1278 1278 1344 1335 545

473 1368 517 1429 Et
530 1378 668 1430 mentem
686 1388 798 1449 puram
814 1366 919 1430 firmat
932 1368 1061 1452 agitque
1077 1369 1178 1435 Deua

389 1468 508 1532 Unitur
522 1469 623 1532 menti
638 1489 712 1531 caro
727 1466 857 1530 subdita
872 1489 1027 1553 meusque
1042 1473 1154 1536 beatur

475 1570 577 1633 Plena
591 1571 684 1633 Deo:
707 1569 804 1632 finem
821 1590 887 1631 non
903 1570 1002 1633 habet
1016 1572 1076 1635 ista
1091 1575 1193 1657 quiea.

511 1670 603 1747 Quod
617 1670 755 1734 mundar
769 1690 836 1732 mm
851 1670 945 1734 habu
960 1691 1066 1735 veram
1080 1694 1203 1755 pacem.

386 1777 461 1839 Non
476 1776 576 1839 habet
590 1774 673 1838 hanc
689 1771 839 1851 mundus,
854 1771 910 1857 qui
925 1774 1009 1851 lites,
1023 1775 1120 1853 bella,
1134 1779 1265 1860 rapinas

471 1878 608 1941 Praestat
623 1888 655 1940 et
667 1875 817 1939 humanis
832 1874 977 1939 caedibus
992 1898 1092 1960 usque
1107 1879 1224 1954 madet,
1274 1888 1338 1945 550

384 1981 448 2053 Qui
464 1978 575 2043 cordes
588 1978 681 2060 parit,
696 1988 801 2059 auget,
816 1989 910 2054 amat,
925 1976 980 2061 qui
997 1977 1078 2041 saliit
1092 1993 1244 2060 amantes,
1291 2053 1294 2060 ยน

470 2081 681 2164 cultoresque
696 2101 772 2143 suos
787 2080 1019 2144 commaculare
1034 2082 1127 2145 solet.

536 2182 627 2256 Quod
637 2184 750 2263 gratia
766 2181 831 2246 Dei
844 2181 903 2244 dat
916 2202 1022 2246 uerum
1038 2184 1183 2264 quietem

383 2285 415 2347 H
419 2305 478 2346 auc
489 2285 630 2367 requiem
643 2305 735 2347 sacra
743 2285 863 2368 scripta
872 2284 1001 2362 docent,
1015 2285 1074 2349 sed
1088 2287 1189 2369 gratia
1197 2302 1338 2372 praestat,

468 2386 538 2458 Qua
554 2385 623 2447 sinc
639 2386 728 2447 uuila
744 2387 838 2469 quies
852 2387 946 2468 pacis
960 2408 1091 2451 amoena
1106 2387 1207 2452 datur.

381 2487 466 2551 Nam
482 2487 620 2568 gaudere
636 2488 744 2564 semel,
759 2487 872 2550 iterum
889 2486 1028 2568 gaudere
1037 2489 1191 2575 jubemur
1270 2497 1335 2554 555

469 2591 508 2653 Iu
526 2588 676 2664 Domino,
692 2589 750 2672 qui
765 2588 821 2652 dat
835 2589 954 2670 gaudie
968 2590 1067 2674 dupla
1081 2593 1158 2655 suis.

381 2693 419 2755 in
435 2715 493 2776 spe
508 2712 594 2755 nnuc
610 2690 756 2772 gaudens
770 2691 897 2754 animus
910 2692 1080 2772 letabitur,
1094 2695 1126 2757 iu
1142 2715 1174 2756 re

468 2794 605 2857 Sumens
620 2792 742 2855 militiae
757 2792 889 2876 praemia
903 2793 1000 2874 plena
1014 2815 1091 2856 sun.

617 2893 668 2957 De
678 2895 801 2974 gaudio
815 2894 914 2976 duple
928 2903 958 2957 e!
973 2896 1097 2977 simple.

378 2995 515 3061 Praemia
530 2997 714 3081 duplantur,
729 3019 827 3079 quum
842 3018 945 3074 mena,
960 3019 1035 3062 caro
1050 2997 1277 3078 glorificantur,

465 3099 500 3162 Si
516 3099 557 3162 sit
572 3100 606 3161 in
621 3099 781 3174 alterutro,
796 3097 908 3179 gioria,
922 3098 1040 3181 simpla
1054 3099 1155 3163 datur.
1268 3104 1333 3161 560

377 3199 446 3264 Sed
462 3203 587 3285 quoties
602 3199 716 3263 animae
731 3198 886 3282 precedit
901 3201 1011 3281 gloria,
1026 3213 1163 3278 constat,

465 3303 561 3378 Quod
578 3323 653 3366 caro
668 3323 727 3384 pro
741 3301 863 3364 meritis
876 3323 994 3366 munus
1009 3303 1143 3369 habebit
1155 3304 1252 3368 idem.

635 3403 688 3468 De
703 3423 808 3466 errore
823 3403 1069 3486 Epicureorum.

377 3508 512 3571 Sobrius
526 3505 661 3570 exaudit
674 3507 764 3588 leges
778 3506 950 3588 Epicurus,
964 3520 998 3571 et
1011 3507 1096 3572 idem

463 3609 583 3673 Ebrius
598 3620 647 3672 est
663 3609 780 3671 Veneri
795 3607 943 3672 subditus
958 3621 1055 3694 atque
1071 3611 1165 3693 gule.

376 3709 441 3773 Hic
460 3711 548 3773 saber
561 3710 725 3787 incudem,
739 3731 837 3794 qnam
853 3710 1072 3775 circumvallat
1086 3713 1186 3790 inani,
1266 3717 1329 3775 565

464 3812 550 3892 Figit
563 3811 596 3873 in
612 3811 747 3885 incerto,
763 3824 870 3876 cetera
885 3833 980 3877 casua
995 3811 1072 3894 agit

376 3915 503 3979 Condat
517 3914 550 3975 in
565 3912 758 3976 immensum
774 3917 968 3997 corpuscula
981 3934 1075 3978 casua
1089 3934 1247 3987 acervum,

461 4018 507 4080 Ut
521 4015 578 4079 fiat
594 4013 705 4077 mundi
721 4017 883 4080 maximus
897 4019 957 4082 iate
973 4017 1095 4100 globus.

375 4119 521 4201 lrixaque
537 4118 600 4181 sint
615 4116 773 4180 elementa
787 4118 869 4181 locis
884 4120 1030 4201 sublege
1045 4118 1191 4203 perenni,

463 4224 571 4305 thue
587 4220 673 4283 rices
687 4231 841 4303 peragant
856 4233 999 4305 tempora
1013 4233 1100 4284 certa
1114 4241 1198 4284 suas.
1264 4226 1328 4282 570

375 4324 458 4386 Haec
474 4344 602 4407 quoque
617 4334 705 4385 rectu
720 4320 827 4398 docet,
841 4322 978 4386 animam
995 4342 1069 4385 cum
1086 4343 1182 4386 carue
1197 4322 1298 4406 perire

461 4425 505 4487 Et
520 4424 633 4488 frustm
647 4425 735 4504 teges
745 4422 971 4508 justitiamque
986 4424 1058 4487 coli.
