2992 5592
161 828 227 874 me.
244 809 337 889 axa]
530 827 772 872 uaranoorcus.
1052 811 1109 870 181

160 976 226 1042 luce
238 977 357 1043 clarius
369 989 427 1057 est,
437 977 589 1042 rationem
604 976 787 1057 disserendi,
800 976 864 1040 suis
876 1001 942 1041 essc
954 976 1111 1040 limitibus

159 1091 187 1142 et
203 1078 352 1163 partibus
366 1076 556 1141 absolutam.

217 1275 298 1358 Cap.
315 1279 369 1336 24·
392 1273 443 1336 De
457 1274 507 1336 tia
522 1275 578 1354 qui
593 1272 772 1336 Aristotelia
786 1294 881 1356 opero
896 1283 1049 1356 carpunt.

200 1431 302 1495 Sarra
317 1454 395 1516 ergo
411 1431 519 1493 mirari
535 1453 596 1494 non
617 1453 760 1516 possum,
777 1431 855 1517 quid
878 1433 991 1498 mentis
1013 1434 1108 1497 habe-

157 1544 208 1593 ant
229 1530 271 1608 (si
287 1530 366 1615 quid
384 1543 488 1593 tamen
507 1530 652 1613 liabent)
666 1533 723 1616 qui
739 1534 807 1596 hoec
822 1533 1002 1597 Aristotelis
1012 1556 1109 1619 opera

156 1647 387 1717 carpunt,quae
405 1632 519 1716 utique
532 1654 592 1694 non
610 1655 767 1718 exponere
779 1634 978 1719 propositum
994 1634 1110 1717 fuerat,

157 1733 209 1796 sed
227 1733 368 1797 laudare.
412 1732 570 1817 Magister
584 1733 814 1811 Theudoricus,
832 1747 867 1798 ut
883 1736 1022 1807 memini,
1041 1737 1108 1800 Το-

157 1834 236 1918 pica,
254 1855 316 1896 non
336 1832 531 1924 Aristotelis,
547 1834 601 1897 sed
620 1835 797 1898 Trecassini
819 1835 983 1922 Drogonis
997 1836 1109 1900 irride·

158 1936 221 2001 bat.
279 1935 401 1999 Eadem
433 1950 537 1999 tamen
567 1937 762 2023 quandoque
791 1937 910 2004 docuit.
967 1938 1107 2013 Quidam

158 2037 318 2103 auditores
334 2037 474 2121 magistri
491 2039 624 2103 Roberti
640 2039 681 2102 de
698 2039 878 2120 Meliduno,
890 2040 1006 2105 librum
1023 2042 1109 2107 hunc

159 2139 223 2203 iere
238 2140 383 2204 inutilem
401 2163 469 2203 esso
491 2138 734 2207 calumniantur.
781 2143 847 2206 Alii
869 2142 1042 2210 detrahunt
1056 2168 1107 2209 ca·

160 2246 296 2329 tegoriis.
335 2243 432 2308 Unde
447 2245 478 2307 in
495 2247 766 2310 commendatione
780 2271 889 2312 eorum
907 2249 1030 2314 diutius
1044 2273 1110 2313 mo-

160 2358 247 2408 ratus
269 2368 351 2421 sum,
375 2344 524 2430 reliquos,
547 2346 693 2430 eoquod
716 2352 857 2412 omnium
876 2349 1001 2435 judicio
1026 2371 1110 2411 com·

160 2445 360 2522 mandantur,
374 2469 495 2510 morose
507 2469 569 2510 non
585 2450 693 2511 censui
704 2450 983 2514 commendandos.
1013 2449 1110 2514 Eleu-

160 2547 356 2624 distamen,
370 2548 424 2611 sed
441 2547 558 2633 inepte,
570 2551 757 2635 opponitur,
767 2551 855 2634 quod
871 2574 981 2615 versus
993 2552 1110 2615 habent

162 2649 319 2735 poeticos:
353 2649 407 2713 sed
427 2664 563 2728 constat,
583 2650 670 2734 quod
693 2649 811 2712 idioma
829 2649 1008 2735 linguarum
1028 2672 1113 2713 com-

161 2750 254 2814 mode
275 2752 305 2815 in
329 2751 553 2814 commercium
577 2773 639 2813 non
662 2750 843 2814 deducitur.
890 2755 928 2815 ln
951 2773 989 2813 eo
1004 2762 1112 2814 autem

160 2851 237 2917 milri
255 2853 404 2917 videntur
421 2851 596 2935 Aualyticis
612 2850 811 2936 praeferendi,
824 2851 911 2935 quod
929 2873 990 2914 non
1006 2851 1113 2917 minus

161 2954 200 3018 ad
228 2953 415 3018 exercitium
443 2954 623 3028 conferunt,
646 2967 678 3015 et
700 2951 836 3015 faciliori
858 2952 1020 3016 intellectu
1048 2951 1113 3014 elo·

158 3056 325 3142 quentiam
343 3066 541 3138 promovent.

161 3265 243 3348 Cap.
260 3268 312 3324 95.
342 3262 435 3335 Quod
455 3263 660 3342 Cornificius,
685 3264 816 3325 Bromio
833 3282 948 3326 ammo
962 3265 1114 3343 Deorum,

204 3367 299 3428 vilior
320 3371 387 3428 eat:
413 3372 445 3427 et
466 3364 504 3427 de
525 3365 623 3428 laude
643 3366 756 3447 logicae
777 3367 857 3446 quid
877 3365 1062 3450 Aequana,
1085 3378 1117 3434 ct

205 3469 267 3531 olii
278 3468 461 3549 philosophi
476 3469 597 3530 dicunt.

205 3625 310 3701 Quum
325 3624 436 3710 itaque
452 3623 563 3708 logicae
576 3635 665 3687 tanta
680 3624 721 3688 sit
732 3624 790 3704 vis,
804 3624 951 3711 quisquis
965 3652 1033 3694 enm
1050 3655 1112 3697 non

162 3740 312 3789 causatur
327 3726 479 3811 ineptam,
494 3724 711 3810 ineptissimus
726 3738 784 3790 est.
817 3727 922 3792 Pallas
937 3734 1114 3815 Bromium,

163 3827 218 3912 qui
234 3851 302 3891 earn
320 3827 489 3890 Marsicam
506 3840 562 3891 aut
579 3828 747 3892 veneficam
764 3829 929 3911 irridebat,
943 3833 975 3896 in
992 3837 1114 3922 nuptiis

165 3927 351 4013 Philologiae
371 3929 552 4015 compescit,
569 3942 600 3993 et
622 3930 744 4016 superis
768 3931 869 3996 multa
890 3935 1115 4019 praedicatione

166 4034 332 4096 consociat.
366 4030 475 4106 Porro,
493 4046 529 4094 ut
545 4046 592 4096 est
609 4032 640 4095 in
656 4033 786 4109 fabulis,
804 4034 954 4099 Bromius
971 4036 1114 4099 Deorum

167 4153 275 4194 scurra
301 4133 532 4196 contemnitur:
567 4134 619 4196 sed
646 4135 836 4198 Cornificius
862 4151 978 4213 noster,
1005 4135 1115 4218 logium

164 4231 356 4312 criminator,
383 4233 678 4320 philosophantium
709 4257 828 4314 scurra,
859 4258 921 4298 non
957 4234 1114 4298 immerito

163 4348 392 4398 contemnetur.
444 4337 489 4400 Ut
525 4333 565 4398 de
603 4334 735 4399 Platone
773 4347 905 4409 taceam,
935 4333 1115 4411 Aristotele,

166 4434 288 4514 Tullio,
309 4458 328 4499 a
349 4459 425 4521 quo,
446 4453 481 4500 ut
502 4438 635 4520 majores
653 4434 834 4519 perhibent,
850 4432 1049 4519 philosophia
1070 4435 1115 4500 in-
