2992 5592
154 818 242 862 sacr.
260 797 333 880 vra]
437 818 478 861 na
495 817 624 861 sarran
644 816 812 861 sanrnxrs.
1041 807 1104 864 933

153 970 355 1053 perspicuum
372 983 438 1038 est;
462 991 558 1053 quare
574 992 592 1030 a
608 984 724 1032 sanctae
740 970 907 1053 scripturae
922 968 1104 1032 doctoribus

155 1071 235 1154 patri
246 1068 977 1155 assignaturrinitas,Filioaequalitas‚Spiritui
988 1074 1105 1136 Sancto

153 1173 326 1244 connexim
352 1188 383 1235 et
407 1173 476 1235 licet
500 1172 540 1233 ab
558 1171 677 1234 unitate
699 1173 852 1256 gignatur
874 1173 1050 1257 aequalitas,
1065 1174 1106 1237 ab

156 1292 292 1358 utroque
304 1274 457 1338 connexio
468 1272 633 1358 procedat:
654 1296 752 1336 unum
767 1289 869 1338 tamen
882 1288 912 1337 et
926 1275 1008 1339 idem
1020 1291 1104 1341 sunt.

156 1376 236 1438 Haec
259 1391 305 1439 est
328 1376 381 1438 illa
400 1375 494 1438 trium
521 1374 638 1437 unitas:
670 1398 766 1460 qnam
788 1379 885 1439 solam
911 1377 1103 1443 adorandam

153 1501 218 1540 esse
245 1478 352 1540 docuit
380 1478 585 1562 Pythagoras,
642 1479 692 1539 De
716 1500 783 1562 qua
810 1477 992 1543 Marcianus
1017 1481 1106 1559 dicit,

154 1580 240 1662 quod
263 1602 363 1663 quum
384 1601 451 1642 earn
474 1579 605 1641 adorare
622 1578 715 1642 vellet
733 1578 947 1664 philosophia,
963 1585 1103 1648 evomuit

153 1680 287 1742 circulos
313 1696 344 1743 et
370 1682 519 1766 sphaeras.
566 1680 687 1765 Opinor
712 1679 783 1741 ideo
807 1703 907 1764 quum
936 1684 992 1768 qui
1017 1685 1103 1748 illam

154 1805 258 1846 veram
285 1784 436 1847 unitatem
464 1783 661 1846 considerare
687 1783 857 1862 desiderat,
884 1785 1105 1851 mathematica

153 1884 402 1948 consideratione
412 1883 635 1970 praetermissa,
643 1908 766 1948 necesse
778 1899 824 1949 est
835 1884 875 1950 ad
887 1886 1105 1972 intelligentiae

153 1986 385 2069 simplicitatem
399 1987 522 2050 animus
534 2009 600 2049 sese
611 1987 722 2068 erigat.
756 1987 810 2049 Ab
824 1986 882 2049 hac
892 2010 969 2071 ergo
981 2010 1105 2052 summa

155 2103 185 2149 et
209 2102 326 2151 aeterna
350 2090 491 2152 trinitate
517 2088 679 2151 descendit
703 2088 849 2174 quaedam
877 2103 1103 2174 perpetuorum

156 2190 289 2252 trinitas.
339 2191 390 2252 Ab
412 2191 532 2253 unitate
556 2212 692 2275 namque
714 2189 876 2253 descendit
900 2192 1041 2271 materia,
1063 2192 1105 2256 ab

156 2289 288 2351 unitatis
318 2290 497 2375 aequalitate
527 2290 640 2366 forma,
666 2314 685 2352 a
710 2291 904 2353 connexione
936 2293 1104 2380 utriusque

156 2389 288 2473 spiritus
309 2403 444 2470 creatus,
460 2390 491 2454 id
509 2406 555 2456 est
572 2407 695 2456 natura.
743 2393 823 2454 Haec
846 2407 920 2455 sunt
945 2393 1005 2457 tria
1020 2396 1105 2480 prin-

155 2491 252 2575 cipia;
270 2496 401 2577 aprimo
416 2493 571 2578 principio
582 2494 814 2556 descendentia.
847 2494 944 2557 Unde
954 2497 1105 2580 magister

156 2616 245 2656 meus
265 2594 355 2668 dicit,
372 2595 508 2678 primurn
532 2595 721 2680 principium
743 2596 915 2671 aeternitas,
932 2618 1006 2681 quae
1027 2601 1105 2684 quia

155 2695 362 2760 immutabilis
384 2709 441 2772 est,
465 2697 581 2760 dicitnr
601 2700 788 2768 necessitas3
822 2696 994 2760 secundum
1018 2699 1105 2782 prin·

155 2797 291 2882 cipium:
324 2800 455 2861 materia
475 2821 549 2884 qnae
571 2798 648 2884 quia
670 2809 745 2880 apta
767 2809 814 2858 est
838 2797 975 2881 recipere
997 2821 1106 2864 omnes

155 2897 284 2973 formas,
299 2899 417 2963 dicitur
437 2899 648 2984 possibilitas:
675 2897 804 2961 tertium
827 2897 1017 2982 principium
1041 2900 1105 2964 for-

156 3022 217 3075 ma,
233 3024 307 3086 quae
323 3001 398 3086 quia
414 3001 575 3065 materiam
598 3002 629 3063 in
650 3000 787 3084 alicujus
803 3014 921 3063 statum
946 3001 1103 3083 terminat,

155 3101 273 3165 dicitur
283 3103 433 3166 finalitas:
448 3117 599 3188 quartum
611 3102 816 3190 principium:
831 3101 1104 3186 spirituscreatus,

157 3203 224 3287 qui,
240 3203 317 3289 quia
336 3219 443 3267 motus
458 3220 504 3267 est
521 3228 627 3268 rerum
653 3200 848 3277 universalis,
864 3201 983 3265 dicitur
997 3217 1106 3268 aetua-

155 3293 237 3367 litas.
287 3305 468 3368 Secundum
486 3305 647 3368 Platonem
663 3326 737 3366 vero
753 3306 920 3367 necessitas
934 3305 984 3368 cui
1002 3305 1103 3370 resisti

156 3427 216 3469 non
233 3421 357 3490 potest;
379 3408 524 3492 imperat.
571 3407 718 3482 Materia,
731 3407 806 3491 quia
822 3405 861 3469 ad
879 3406 1007 3472 modum
1025 3432 1105 3474 cerae

156 3503 305 3570 flexibilis
334 3509 430 3582 cedit,
462 3508 645 3571 necessitate
679 3508 889 3592 obtemperat,
921 3521 957 3572 ut
988 3511 1105 3576 formas

157 3608 295 3692 recipiat.
344 3610 482 3694 Spiritus
497 3632 571 3671 vcro
591 3623 725 3679 creatus,
743 3609 776 3672 id
798 3623 845 3671 est
861 3623 965 3674 motus
983 3611 1106 3674 univer-

157 3711 230 3772 salis
252 3730 283 3774 et
308 3712 461 3774 naturalis
478 3713 610 3774 formam
627 3732 731 3795 perse
753 3710 939 3775 invisibilem
964 3715 1105 3777 materiae

156 3834 194 3873 ex
220 3835 251 3875 se
273 3813 424 3877 invisibili
449 3813 664 3898 compaginat,
687 3828 723 3876 ut
747 3836 788 3877 ex
819 3815 865 3876 eis
894 3817 1104 3902 compositum

156 3916 186 3975 in
204 3913 342 3997 aliquam
364 3914 572 3977 substantiam
596 3913 750 3976 actualem
768 3927 799 3976 et
816 3913 1005 3977 invisibilem
1022 3928 1106 3977 tran-

156 4031 231 4077 seat.
281 4017 342 4079 llic
358 4031 463 4079 autem
482 4017 622 4100 Spiritus
639 4028 743 4078 motus
758 4032 804 4078 est
820 4017 973 4079 naturalis
987 4034 1019 4079 et
1035 4016 1105 4078 uni·

156 4117 300 4180 versalis:
326 4132 462 4202 quatuor
478 4120 633 4180 elementa
648 4115 737 4201 qnasi
755 4114 840 4198 hyle,
853 4115 884 4178 id
902 4131 949 4178 est
964 4115 1105 4178 materiae

155 4222 324 4304 ligamenta
344 4222 517 4297 continens,
533 4220 669 4283 diffusus
685 4217 715 4279 in
731 4215 930 4278 firmamento
945 4237 1002 4300 per
1020 4229 1105 4279 astra

153 4323 183 4384 in
201 4321 363 4384 sublimari
382 4319 502 4382 mundo
518 4342 574 4403 per
596 4320 714 4402 ignem,
730 4337 787 4401 per
808 4337 890 4392 aera,
907 4337 963 4400 per
977 4337 1105 4400 aquam,

151 4446 207 4507 per
238 4437 355 4485 terram
386 4434 416 4482 et
449 4441 504 4502 per
534 4434 648 4483 caetera
678 4417 793 4492 omnia,
821 4439 895 4500 quae
921 4417 952 4479 in
984 4416 1105 4480 mundo
