2992 5592
412 788 453 846 96
672 800 807 845 JOANNIS
824 798 1103 844 sanssanarsusrs
1223 784 1306 858 [arn.
1321 801 1354 844 u.

411 953 476 1016 sine
491 950 623 1014 aliorum
646 949 852 1026 admixtione,
874 949 1023 1035 perspicit
1043 949 1242 1034 singulatim.
1290 951 1354 1013 Hoc

410 1064 515 1117 autem
547 1065 670 1115 naturae
697 1073 802 1114 rerum
831 1074 891 1115 non
922 1050 1121 1130 adversatur,
1146 1073 1222 1137 quae
1245 1051 1286 1114 ad
1311 1051 1356 1114 sui

409 1153 682 1239 investigationem
705 1151 787 1216 banc
807 1165 991 1239 potestatem
1017 1151 1154 1216 contulit
1174 1152 1356 1229 intellectui,

411 1269 447 1320 ut
477 1255 576 1341 possit
605 1253 775 1338 conjuncta
810 1253 1005 1339 disjungere,
1033 1266 1066 1318 et
1100 1252 1264 1339 disjuncta
1292 1277 1358 1318 oon-

406 1355 552 1440 jungere.

446 1458 608 1521 Caeterum
620 1475 821 1540 componens,
832 1453 888 1540 qui
901 1453 1061 1541 disjuncta
1071 1455 1252 1542 conjungit,
1262 1456 1358 1520 inanis

410 1569 475 1621 est:
498 1557 685 1621 abstrahens
700 1578 776 1619 vero
791 1554 903 1631 fidelis,
918 1569 951 1619 et
967 1556 1057 1639 quasi
1073 1556 1224 1641 quaedam
1239 1557 1358 1621 officina

409 1658 552 1722 omnium
578 1658 705 1723 artium.
754 1659 799 1721 Et
821 1655 951 1741 quidem
975 1657 1071 1720 rebus
1093 1658 1253 1722 existendi
1280 1680 1359 1723 unus

410 1772 458 1825 est
473 1761 598 1837 modus,
615 1782 709 1846 quern
732 1757 848 1823 scilicet
871 1773 985 1821 natura
1005 1758 1153 1837 contulit,
1167 1759 1223 1823 aed
1239 1759 1357 1823 easdem

410 1861 608 1946 intelligendi
635 1874 693 1924 aut
723 1859 934 1944 significandi,
959 1882 1021 1922 non
1053 1882 1136 1923 unus
1165 1873 1214 1924 est
1240 1861 1358 1925 modus.

414 1963 500 2027 Licet
524 1962 606 2025 enim
629 1983 698 2023 esse
721 1975 857 2046 nequeat
881 1961 986 2036 homo,
1002 1960 1058 2047 qui
1082 1983 1144 2024 non
1166 1961 1208 2025 sit
1227 1963 1298 2039 iste,
1312 1965 1358 2026 vel

410 2063 493 2125 alius
515 2062 620 2136 homo,
637 2061 772 2147 intelligi
796 2075 899 2125 tamen
921 2076 1026 2149 potest
1048 2077 1080 2127 et
1104 2064 1296 2148 significari:
1317 2067 1359 2130 ita

411 2163 497 2250 qnod
513 2186 570 2226 uec
592 2162 802 2248 intelligatur,
819 2187 876 2228 nec
898 2165 1093 2250 significetur
1108 2165 1181 2240 iste,
1198 2165 1247 2228 vel
1270 2167 1357 2231 alius.

411 2265 500 2348 Ergo
521 2264 562 2327 ad
583 2263 842 2348 significationem
862 2264 1145 2352 incomplexorum,
1162 2288 1220 2351 per
1242 2268 1360 2333 abstra-

411 2364 538 2428 hentem
561 2362 756 2427 intellectum
779 2387 895 2449 genera
917 2365 1148 2452 concipiantur,
1170 2379 1203 2430 et
1226 2369 1357 2452 species:

409 2490 484 2552 quae
507 2478 624 2544 tamen,
650 2469 675 2530 si
702 2466 776 2552 quis
798 2468 830 2530 in
853 2488 958 2530 rerum
982 2481 1108 2544 natura,
1135 2467 1320 2553 diligentius
1342 2491 1360 2531 a

411 2567 612 2633 sensibilibus
641 2581 774 2646 remota,
799 2582 935 2654 quaerat,
960 2568 1038 2631 nihil
1068 2584 1152 2653 aget,
1180 2584 1211 2635 et
1243 2571 1360 2635 frustra

411 2671 590 2735 laborabit:
626 2669 704 2733 nihil
735 2670 818 2732 enim
850 2669 912 2734 tale
942 2683 1057 2734 natura
1085 2672 1221 2757 peperit.
1267 2673 1360 2736 Ratio

411 2786 519 2837 autem
543 2796 581 2836 ea
606 2771 826 2858 deprehendit,
852 2772 1094 2837 substantialem
1121 2773 1358 2838 similitudinem

410 2896 516 2937 rerum
540 2874 754 2939 differentium
779 2886 976 2960 pertractans
996 2875 1082 2960 apud
1107 2896 1151 2951 se,
1168 2874 1357 2963 desinitque,

412 2976 496 3038 sicut
519 2974 673 3038 Boethius
695 2974 752 3050 ait,
775 2974 921 3060 generale
941 2988 1131 3057 conceptum
1152 2998 1260 3055 auum,
1275 2974 1358 3063 quod

411 3074 451 3138 de
477 3075 640 3139 bominum
671 3075 894 3141 conformitate
923 3076 1104 3162 perpendit,
1135 3078 1198 3140 sic:
1235 3079 1359 3142 animat

409 3180 571 3242 rationale
585 3178 723 3242 mortale.
770 3177 863 3255 Quod
876 3178 997 3262 utique,
1010 3177 1069 3241 nisi
1085 3176 1117 3242 in
1133 3178 1358 3264 singularibus,

410 3300 476 3341 esse
492 3300 554 3341 uon
577 3293 691 3364 potest.
739 3280 821 3345 Sunt
842 3282 949 3366 itaque
963 3302 1080 3363 genera
1102 3293 1134 3344 et
1158 3281 1278 3366 species
1298 3301 1357 3346 nou

409 3374 537 3460 quidem
554 3400 604 3440 res
619 3399 638 3439 a
653 3376 870 3463 singularibus
892 3393 965 3445 actu
982 3393 1014 3445 et
1035 3383 1224 3447 naturaliter
1238 3383 1358 3460 aliena,

410 3473 462 3539 sed
480 3474 627 3560 quaedam
643 3477 835 3541 naturalium
851 3494 883 3544 et
898 3480 1070 3545 actualium
1087 3481 1266 3567 phantasiae
1281 3483 1359 3547 reni·

409 3587 511 3639 tentes
526 3574 713 3655 intellectui,
729 3576 769 3639 de
785 3577 992 3644 similitudine
1006 3581 1191 3661 actualium,
1207 3597 1356 3670 tanquam

411 3679 442 3740 in
458 3674 585 3761 speculo
606 3676 723 3740 nativae
738 3678 890 3762 puritatis
905 3680 1005 3765 ipsius
1019 3682 1143 3762 animae,
1158 3706 1240 3769 quas
1257 3683 1359 3749 Graeci

410 3775 508 3847 imolas
520 3773 585 3839 sive
598 3774 771 3858 εἰκονόφανας
782 3777 953 3865 appellant,
964 3780 1023 3845 hoc
1032 3794 1080 3844 eat
1091 3804 1196 3846 rerum
1209 3784 1359 3870 imagines

409 3880 440 3942 in
458 3893 561 3944 mente
576 3896 773 3967 apparentes.
820 3883 939 3947 Anima
953 3884 1035 3947 euim
1058 3887 1150 3971 quasi
1162 3889 1359 3952 reverberata

410 3982 476 4046 acie
486 3981 1357 4073 contemplationissuae,inseipsareperit,quoddeliuit:

411 4106 483 4148 narn
499 4097 531 4147 et
547 4085 616 4169 ejus
638 4083 803 4169 exemplar
823 4085 855 4146 in
875 4083 943 4169 ipsa
957 4093 1016 4160 est,
1034 4086 1217 4172 exemplum
1239 4089 1356 4153 veroin

410 4186 599 4252 actualibus.
637 4187 727 4252 Sicut
744 4186 826 4249 enim
844 4208 943 4270 quum
961 4185 992 4249 in
1008 4187 1216 4270 grammatica
1231 4189 1357 4263 dicitur,

410 4293 540 4353 nomino
556 4309 632 4371 quoe
645 4291 691 4352 sic
705 4291 1052 4368 desinunt,seminino,
1068 4293 1118 4352 uel
1137 4300 1257 4355 neutro
1272 4298 1357 4365 aaut,

409 4391 564 4470 generalis
577 4389 724 4475 quaedam
742 4387 960 4474 praescribitur
974 4390 1067 4465 ratio,
1084 4413 1157 4474 quoe
1171 4391 1265 4477 quasi
1281 4391 1357 4457 mul-
