2992 5592
704 982 769 1053 VI.

295 1194 418 1267 VITA
458 1194 644 1267 SANCTI
684 1193 890 1266 THOMAE
929 1189 1185 1265 CANTUAR.

666 1407 803 1445 AUCTORE

453 1558 632 1620 JOANNE
658 1552 1021 1620 SARESBERIENSI

540 1723 747 1768 CARNOTENSI
765 1723 933 1769 Episcopo,

647 2072 828 2116 PROLOGUS.

308 2191 567 2254 Sacaosaacrmu
590 2190 760 2252 ecclesiam
782 2187 905 2272 jugiter
926 2190 1094 2273 impugnat
1115 2187 1235 2262 hostis

265 2293 423 2375 antiquus,
441 2289 497 2353 sed
514 2291 568 2374 qni
584 2290 687 2372 ipsam
710 2313 821 2354 cruore
843 2291 973 2375 proprio
996 2290 1130 2354 redemit
1153 2288 1218 2350 Dei

266 2393 379 2467 Filius,
396 2412 466 2453 eam
490 2390 644 2471 sanguino
668 2393 882 2453 membrorum
904 2413 1033 2455 suorum
1056 2392 1089 2453 in
1113 2406 1217 2452 veram

265 2492 378 2555 asserit
392 2503 424 2554 et
438 2490 584 2574 provehit
598 2491 796 2567 libertatcm;
826 2490 859 2553 in
876 2493 992 2574 quibus
1013 2490 1220 2573 praeeminent

267 2594 424 2676 gloriosus
446 2594 662 2673 apostolorum
687 2592 815 2665 chorus,
837 2602 868 2653 ct
893 2603 1075 2653 sanctorum
1102 2602 1219 2670 marty·

267 2715 335 2757 rum
352 2705 544 2774 purpuratus
556 2691 725 2765 exercitus,
738 2710 874 2771 quorum
890 2689 1037 2752 doctrina
1048 2688 1220 2771 compacti,

269 2814 404 2879 quorum
433 2793 584 2873 exemplo
613 2790 762 2864 roborati,
790 2812 924 2872 quorum
954 2791 1108 2871 sanguine
1133 2789 1221 2852 velut

270 2902 428 2960 caemento
451 2904 483 2954 et
505 2892 593 2974 quasi
617 2892 739 2971 glutino
766 2890 904 2974 quodam
928 2891 1121 2953 consolidati
1147 2900 1221 2952 sunt

269 2998 332 3060 riri
347 2993 471 3076 lapides
485 2995 518 3056 in
534 2993 674 3057 aedihcio
690 2993 832 3076 corporis
848 2992 977 3068 Christi,
992 3003 1028 3054 ut
1050 2991 1221 3074 proficiens

270 3097 407 3162 ecclesia
422 3095 571 3158 dilatetur
593 3109 625 3158 et
647 3106 782 3172 crescat,
803 3115 935 3156 numero
951 3092 1096 3155 fidelium
1113 3104 1145 3155 et
1161 3092 1221 3154 vir·

270 3209 350 3273 tute,
372 3197 404 3259 in
430 3197 583 3279 templum
606 3206 753 3260 sanctum
777 3197 809 3258 in
834 3195 985 3257 Domino.
1031 3195 1095 3257 Sed
1123 3214 1222 3277 quum

272 3321 384 3364 omnes
399 3313 551 3380 martyres
567 3299 804 3380 praerogativam
820 3296 961 3359 habeant
975 3296 1084 3377 gloriae
1107 3295 1222 3379 sempi-

272 3412 380 3476 temae‚
395 3400 505 3462 titulus
525 3410 630 3460 tamen
653 3399 777 3459 illomm
801 3398 952 3460 illustrior
973 3409 1022 3460 est
1043 3399 1175 3470 cacteris,
1191 3407 1224 3463 et

272 3522 392 3565 corona
406 3500 523 3562 clarius
538 3498 649 3574 radiat,
661 3499 715 3581 qui
732 3498 853 3582 duplici
869 3499 990 3563 honore
1007 3499 1095 3580 digni
1111 3498 1221 3563 doctod

272 3624 340 3666 rum
363 3603 536 3681 funguntur
558 3600 675 3677 officio,
692 3598 794 3662 forma
816 3601 919 3682 gregis
942 3622 984 3663 ex
1005 3601 1112 3664 animo
1133 3603 1221 3674 sacti,

272 3716 305 3769 et
319 3719 460 3786 tempore
475 3702 675 3764 necessitatis
698 3715 856 3783 ponentes
871 3703 1010 3766 animam
1033 3726 1092 3787 pro
1107 3705 1223 3769 ovibus

275 3809 349 3872 suis.
396 3805 591 3870 sicutenim
615 3804 707 3867 stella
731 3828 750 3868 a
772 3808 864 3869 stella
887 3807 992 3871 differt
1013 3810 1046 3872 in
1071 3809 1225 3878 claritate,

275 3911 322 3974 sic
338 3910 370 3972 in
386 3906 612 3971 resurrectione
629 3921 813 3970 sanctorum
835 3910 952 3990 singuli
975 3911 1009 3972 in
1032 3909 1142 3972 ordine
1165 3928 1225 3970 suo

273 4011 353 4095 justi
368 4010 535 4090 fulgebunt
554 4018 589 4070 ut
612 4008 733 4072 sidera:
765 4011 876 4092 etqui
900 4009 941 4070 ad
958 4009 1052 4070 sitam
1075 4006 1225 4071 erudiunt

276 4113 403 4187 multos,
426 4122 519 4172 crunt
545 4118 580 4170 ut
603 4107 793 4171 firmamenti
820 4106 974 4190 splendor
996 4105 1030 4166 in
1055 4117 1227 4188 perpetuas

280 4212 479 4275 aeternitates.
525 4208 650 4280 Quibus
669 4209 741 4291 jure
757 4219 789 4269 et
804 4207 917 4268 merito
942 4216 1071 4267 sanctus
1087 4203 1228 4269 Cantus·

280 4313 398 4374 riorum
414 4310 655 4392 arciepiscopus
669 4308 814 4369 Thomas
830 4303 1039 4367 associandus
1054 4314 1113 4379 est,
1123 4315 1159 4367 nt
1174 4309 1231 4388 qui

282 4410 404 4474 exstitit
426 4431 484 4492 pro
500 4407 627 4472 Christo
647 4405 753 4467 socius
769 4403 982 4467 tribulationis
1005 4417 1037 4466 et
1060 4403 1234 4485 patientia,
