2992 5592
590 798 811 842 ENTllll'l'lCUS.

221 949 361 1033 Corrigit
376 967 500 1011 errores
516 947 668 1012 verbosus
683 948 734 1011 hic
751 947 914 1013 Abelardi:

307 1049 443 1115 Pellitur
458 1071 476 1112 a
492 1063 600 1113 nostro
615 1049 692 1115 trita
707 1064 834 1115 moneto
848 1050 927 1116 foro.

222 1159 243 1188 “
261 1152 478 1239 Temporibus
493 1150 639 1239 placuere
655 1154 721 1216 suis
737 1166 879 1219 veterum
896 1155 1087 1234 benedicta,

310 1255 527 1341 Temporibus
542 1254 658 1319 nostris
668 1255 735 1342 jam
753 1277 835 1319 nova
850 1256 916 1320 sola
931 1256 1066 1343 placent.
1130 1255 1173 1323 60

221 1359 329 1433 Quum
346 1355 386 1420 sit
401 1354 442 1420 ab
457 1356 584 1442 ingenio
599 1369 714 1436 totum,
731 1380 792 1420 nou
809 1357 849 1422 sit
864 1357 922 1423 tibi
936 1381 1032 1432 curae,

309 1457 395 1535 Quid
412 1458 502 1544 prius
516 1456 672 1534 addiscas,
689 1457 886 1543 posteriusve
901 1459 1017 1541 legas.”

224 1562 303 1624 Haec
313 1558 419 1622 schola
430 1580 492 1621 non
505 1567 607 1635 curat,
616 1556 695 1641 quid
709 1561 747 1622 sit
761 1557 886 1635 modus,
898 1560 1017 1626 ordove
1028 1561 1108 1646 quid
1120 1556 1173 1639 sit,

308 1663 412 1734 Quam
429 1672 556 1724 teneant
573 1659 684 1722 doctor
698 1658 941 1746 discipulusque
955 1660 1049 1727 viam.

223 1764 244 1796 “
260 1760 404 1847 Expedit
419 1783 496 1844 ergo
511 1758 612 1844 magis
628 1757 730 1822 varias
744 1758 939 1822 confundere
954 1759 1091 1845 linguas,
1131 1766 1175 1827 65

309 1863 413 1940 Quam
431 1874 574 1925 veterum
591 1859 707 1924 studiis
721 1858 907 1946 insipienter
922 1861 984 1948 agi.

221 1967 310 2042 Quos
326 1986 484 2042 numeros,
499 1975 555 2028 aut
573 1984 654 2048 quos
668 1985 761 2026 casus
776 1975 832 2027 aut
848 1966 1154 2053 temporajungant,

309 2067 517 2133 Grammatici
533 2079 696 2152 quarunt,
714 2066 811 2130 verba
827 2067 966 2132 rotunda
980 2092 1107 2134 cavent:

222 2172 431 2255 Torquentur
446 2168 571 2247 studiis,
585 2189 662 2232 cura
679 2181 871 2253 torquentur
885 2169 985 2247 edaci,

311 2269 409 2333 Nulla
424 2269 483 2334 sibi
499 2268 617 2336 dautur
632 2269 707 2348 otia,
723 2269 811 2333 nulla
826 2271 927 2356 quies.
1134 2270 1175 2341 70

226 2372 343 2437 Infelix
360 2372 448 2435 labor
463 2385 522 2447 est,
538 2395 633 2458 quem
650 2371 817 2435 commoda
832 2371 921 2438 nulla
936 2390 1128 2461 sequuntur,

311 2475 373 2541 Cui
390 2474 474 2540 mala
488 2472 641 2539 dulcescit
657 2496 734 2550 sors,
752 2476 846 2537 miser
860 2498 926 2538 esse
941 2477 1039 2563 cupit.

224 2577 289 2653 Qui
305 2575 398 2641 miser
413 2598 479 2639 esse
494 2575 595 2660 cupit,
612 2598 644 2638 se
660 2574 821 2639 convincit
832 2574 999 2656 furiosum,

311 2675 364 2741 Sic
380 2675 472 2761 plane
487 2673 655 2746 miserest,
672 2673 727 2758 qui
744 2672 838 2736 miser
852 2696 919 2737 esse
934 2679 1035 2758 cupit.

224 2776 287 2853 Qui
303 2799 450 2840 numeros
464 2774 615 2850 numeris,
633 2774 687 2859 qui
702 2795 796 2836 casus
811 2773 935 2839 casibus
949 2787 1048 2859 aptat,
1134 2784 1176 2840 ta

311 2876 474 2963 Tempora
489 2875 700 2962 temporibus,
715 2872 834 2961 desipit
849 2886 881 2938 et
896 2874 991 2940 miser
1004 2889 1063 2940 est.

224 2979 364 3063 Magnus
378 2980 462 3043 enim
478 2978 567 3043 labor
582 2990 642 3054 est,
657 2975 847 3063 compendia
861 2977 950 3041 nulla
965 2989 1154 3063 sequuntur,

311 3084 471 3164 Tempora
486 3080 531 3145 sic
546 3089 693 3166 pereunt,
708 3092 841 3163 totaque
856 3078 922 3141 vita
937 3079 1041 3142 simul.

227 3183 361 3261 Absque
377 3181 484 3245 labore
499 3181 589 3267 gravi
605 3179 722 3265 poteris
736 3177 899 3244 verbosior
913 3202 991 3257 esse,

315 3285 418 3359 Quam
427 3279 733 3368 sunt,quosoohibet
744 3280 855 3367 regula
864 3281 1113 3366 priscapatrum.
1134 3286 1176 3349 80

225 3384 387 3472 Quicquid
403 3384 434 3449 in
450 3408 486 3449 os
502 3382 618 3460 veniet,
634 3382 785 3448 audacter
801 3383 919 3469 profer,
935 3396 967 3449 et
981 3384 1065 3448 adsit

312 3491 441 3566 Festus,
456 3476 555 3552 bbbes
569 3497 681 3565 artem,
695 3507 770 3570 quae
786 3485 863 3551 facit
878 3509 945 3550 esse
960 3485 1072 3552 virum.

224 3591 365 3657 ausibus
379 3606 428 3653 est
443 3587 571 3653 fortuna
585 3608 705 3660 comes;
730 3584 757 3650 si
770 3585 871 3672 gratia
885 3586 1004 3652 fastum

312 3692 452 3773 Deserit,
466 3705 514 3756 est
529 3688 621 3754 uobis
634 3688 737 3773 gloria
750 3701 843 3775 grata
856 3689 967 3775 magis.

226 3796 320 3861 Hanc
336 3794 451 3859 etenim
468 3793 567 3857 solam
584 3790 682 3855 nostri
699 3813 796 3876 super
810 3791 917 3855 omnia
930 3805 1097 3878 quaerunt3
1131 3795 1173 3858 85

311 3897 424 3962 Gloria
439 3897 464 3962 si
480 3894 574 3973 desit,
590 3894 670 3958 scire
683 3892 762 3981 quid
779 3916 846 3957 esse
861 3898 974 3981 putas?

226 4000 376 4065 Garritus
390 3999 482 4065 dabit
498 3998 579 4062 hanc
594 3996 681 4062 omni
697 3995 817 4061 virtute
832 3996 953 4073 relicta,

311 4101 345 4168 Si
360 4102 482 4186 garrire
496 4113 599 4188 potes,
614 4098 716 4186 gloria
730 4111 816 4162 certa
830 4111 947 4162 manet.

227 4205 271 4268 Ut
286 4205 406 4290 garrire
421 4226 533 4290 queas,
549 4201 612 4266 noli
629 4222 813 4288 percurrere
828 4196 937 4277 libros,

309 4305 389 4369 Esto
404 4305 567 4387 verbosus,
582 4302 700 4388 scripta
715 4300 833 4388 repelle
852 4299 972 4386 procul.
1132 4305 1174 4363 90

268 4425 337 4471 von.
354 4428 383 4469 v.
688 4424 710 4464 a
