<?xml version="1.0" encoding="UTF-8"?>
<!DOCTYPE html PUBLIC "-//W3C//DTD XHTML 1.0 Transitional//EN"
    "http://www.w3.org/TR/xhtml1/DTD/xhtml1-transitional.dtd">
<html xmlns="http://www.w3.org/1999/xhtml" xml:lang="en" lang="en">
 <head>
  <title>
</title>
<meta http-equiv="Content-Type" content="text/html;charset=utf-8" />
  <meta name='ocr-system' content='tesseract 3.04.00' />
  <meta name='ocr-capabilities' content='ocr_page ocr_carea ocr_par ocr_line ocrx_word'/>
</head>
<body>
  <div class='ocr_page' id='page_1' title='image "./joannissaresber15johngoog_0193.png"; bbox 0 0 2992 5592; ppageno 0'>
   <div class='ocr_carea' id='block_1_1' title="bbox 131 805 1082 886">
    <p class='ocr_par' dir='ltr' id='par_1_1' title="bbox 131 805 1082 886">
     <span class='ocr_line' id='line_1_1' title="bbox 131 805 1082 886; baseline 0.004 -16"><span class='ocrx_word' id='word_1_1' title='bbox 131 805 333 886; x_wconf 80' lang='lat' dir='ltr'><strong>cae.xxu1.]</strong></span> <span class='ocrx_word' id='word_1_2' title='bbox 487 827 728 874; x_wconf 76' lang='lat' dir='ltr'><strong>unranoercus.</strong></span> <span class='ocrx_word' id='word_1_3' title='bbox 1022 817 1082 876; x_wconf 80' lang='lat'><strong>179</strong></span> 
     </span>
    </p>
   </div>
   <div class='ocr_carea' id='block_1_2' title="bbox 129 975 1170 3981">
    <p class='ocr_par' dir='ltr' id='par_1_2' title="bbox 129 975 1170 3981">
     <span class='ocr_line' id='line_1_2' title="bbox 131 975 1082 1060; baseline 0.004 -22"><span class='ocrx_word' id='word_1_4' title='bbox 131 988 305 1060; x_wconf 74' lang='lat' dir='ltr'><strong>apparente</strong></span> <span class='ocrx_word' id='word_1_5' title='bbox 323 975 488 1060; x_wconf 79' lang='lat' dir='ltr'><strong>sapientia,</strong></span> <span class='ocrx_word' id='word_1_6' title='bbox 504 975 558 1039; x_wconf 86' lang='lat' dir='ltr'><strong>sed</strong></span> <span class='ocrx_word' id='word_1_7' title='bbox 583 999 645 1040; x_wconf 90' lang='lat' dir='ltr'><strong>non</strong></span> <span class='ocrx_word' id='word_1_8' title='bbox 666 977 832 1044; x_wconf 83' lang='lat' dir='ltr'><strong>existente.</strong></span> <span class='ocrx_word' id='word_1_9' title='bbox 879 980 959 1042; x_wconf 86' lang='lat' dir='ltr'><strong>Haec</strong></span> <span class='ocrx_word' id='word_1_10' title='bbox 974 992 1082 1043; x_wconf 89' lang='lat' dir='ltr'><strong>autem</strong></span> 
     </span>
     <span class='ocr_line' id='line_1_3' title="bbox 130 1074 1081 1160; baseline 0.003 -21"><span class='ocrx_word' id='word_1_11' title='bbox 130 1075 271 1139; x_wconf 91' lang='lat' dir='ltr'><strong>omnium</strong></span> <span class='ocrx_word' id='word_1_12' title='bbox 294 1074 533 1160; x_wconf 88' lang='lat' dir='ltr'><strong>disciplinarum</strong></span> <span class='ocrx_word' id='word_1_13' title='bbox 551 1076 728 1142; x_wconf 71' lang='lat' dir='ltr'><strong>aemulatrix</strong></span> <span class='ocrx_word' id='word_1_14' title='bbox 752 1094 812 1155; x_wconf 88' lang='lat' dir='ltr'><strong>est,</strong></span> <span class='ocrx_word' id='word_1_15' title='bbox 835 1093 867 1145; x_wconf 89' lang='lat' dir='ltr'><strong>et</strong></span> <span class='ocrx_word' id='word_1_16' title='bbox 890 1079 950 1143; x_wconf 90' lang='lat' dir='ltr'><strong>sub</strong></span> <span class='ocrx_word' id='word_1_17' title='bbox 972 1102 1081 1142; x_wconf 87' lang='lat' dir='ltr'><strong>earum</strong></span> 
     </span>
     <span class='ocr_line' id='line_1_4' title="bbox 131 1175 1083 1268; baseline 0.004 -27"><span class='ocrx_word' id='word_1_18' title='bbox 131 1175 243 1264; x_wconf 89' lang='lat' dir='ltr'><strong>specie,</strong></span> <span class='ocrx_word' id='word_1_19' title='bbox 267 1200 341 1242; x_wconf 87' lang='lat' dir='ltr'><strong>suas</strong></span> <span class='ocrx_word' id='word_1_20' title='bbox 366 1178 515 1242; x_wconf 91' lang='lat' dir='ltr'><strong>omnibus</strong></span> <span class='ocrx_word' id='word_1_21' title='bbox 541 1179 718 1244; x_wconf 88' lang='lat' dir='ltr'><strong>tendiculas</strong></span> <span class='ocrx_word' id='word_1_22' title='bbox 745 1196 848 1267; x_wconf 87' lang='lat' dir='ltr'><strong>parat,</strong></span> <span class='ocrx_word' id='word_1_23' title='bbox 875 1182 1083 1268; x_wconf 79' lang='lat' dir='ltr'><strong>incautosque</strong></span> 
     </span>
     <span class='ocr_line' id='line_1_5' title="bbox 131 1277 1083 1368; baseline 0.002 -26"><span class='ocrx_word' id='word_1_24' title='bbox 131 1277 298 1342; x_wconf 83' lang='lat' dir='ltr'><strong>subvertit.</strong></span> <span class='ocrx_word' id='word_1_25' title='bbox 344 1278 491 1354; x_wconf 86' lang='lat' dir='ltr'><strong>Frustra,</strong></span> <span class='ocrx_word' id='word_1_26' title='bbox 510 1279 577 1342; x_wconf 89' lang='lat' dir='ltr'><strong>sine</strong></span> <span class='ocrx_word' id='word_1_27' title='bbox 596 1279 666 1356; x_wconf 87' lang='lat' dir='ltr'><strong>hac,</strong></span> <span class='ocrx_word' id='word_1_28' title='bbox 683 1304 716 1345; x_wconf 92' lang='lat' dir='ltr'><strong>se</strong></span> <span class='ocrx_word' id='word_1_29' title='bbox 735 1283 873 1368; x_wconf 91' lang='lat' dir='ltr'><strong>quisque</strong></span> <span class='ocrx_word' id='word_1_30' title='bbox 892 1283 1083 1368; x_wconf 83' lang='lat' dir='ltr'><strong>gloriabitur</strong></span> 
     </span>
     <span class='ocr_line' id='line_1_6' title="bbox 131 1378 1082 1467; baseline 0.001 -24"><span class='ocrx_word' id='word_1_31' title='bbox 131 1402 195 1443; x_wconf 85' lang='lat' dir='ltr'><strong>ease</strong></span> <span class='ocrx_word' id='word_1_32' title='bbox 206 1378 452 1465; x_wconf 89' lang='lat' dir='ltr'><strong>philosophum:</strong></span> <span class='ocrx_word' id='word_1_33' title='bbox 476 1403 576 1464; x_wconf 93' lang='lat' dir='ltr'><strong>quum</strong></span> <span class='ocrx_word' id='word_1_34' title='bbox 593 1396 729 1467; x_wconf 86' lang='lat' dir='ltr'><strong>nequeat</strong></span> <span class='ocrx_word' id='word_1_35' title='bbox 745 1405 856 1446; x_wconf 87' lang='lat' dir='ltr'><strong>cavere</strong></span> <span class='ocrx_word' id='word_1_36' title='bbox 872 1383 1082 1457; x_wconf 86' lang='lat' dir='ltr'><strong>mendacium,</strong></span> 
     </span>
     <span class='ocr_line' id='line_1_7' title="bbox 130 1479 1083 1568; baseline 0.002 -24"><span class='ocrx_word' id='word_1_37' title='bbox 130 1480 297 1544; x_wconf 75' lang='lat' dir='ltr'><strong>eutalium</strong></span> <span class='ocrx_word' id='word_1_38' title='bbox 314 1479 549 1565; x_wconf 88' lang='lat' dir='ltr'><strong>deprehendere</strong></span> <span class='ocrx_word' id='word_1_39' title='bbox 572 1484 788 1547; x_wconf 83' lang='lat' dir='ltr'><strong>mentientem.</strong></span> <span class='ocrx_word' id='word_1_40' title='bbox 834 1488 907 1549; x_wconf 91' lang='lat' dir='ltr'><strong>Hoc</strong></span> <span class='ocrx_word' id='word_1_41' title='bbox 923 1484 1035 1568; x_wconf 87' lang='lat' dir='ltr'><strong>utique</strong></span> <span class='ocrx_word' id='word_1_42' title='bbox 1049 1487 1083 1547; x_wconf 92' lang='lat' dir='ltr'><strong>in</strong></span> 
     </span>
     <span class='ocr_line' id='line_1_8' title="bbox 132 1579 1083 1669; baseline 0.002 -25"><span class='ocrx_word' id='word_1_43' title='bbox 132 1604 325 1667; x_wconf 87' lang='lat' dir='ltr'><strong>unaquaque</strong></span> <span class='ocrx_word' id='word_1_44' title='bbox 340 1579 509 1665; x_wconf 89' lang='lat' dir='ltr'><strong>disciplina</strong></span> <span class='ocrx_word' id='word_1_45' title='bbox 523 1605 605 1667; x_wconf 91' lang='lat' dir='ltr'><strong>opus</strong></span> <span class='ocrx_word' id='word_1_46' title='bbox 621 1584 747 1648; x_wconf 88' lang='lat' dir='ltr'><strong>scientis</strong></span> <span class='ocrx_word' id='word_1_47' title='bbox 762 1599 820 1648; x_wconf 86' lang='lat' dir='ltr'><strong>est.</strong></span> <span class='ocrx_word' id='word_1_48' title='bbox 857 1584 971 1647; x_wconf 81' lang='lat' dir='ltr'><strong>Videas</strong></span> <span class='ocrx_word' id='word_1_49' title='bbox 986 1585 1083 1669; x_wconf 90' lang='lat' dir='ltr'><strong>hujus</strong></span> 
     </span>
     <span class='ocr_line' id='line_1_9' title="bbox 132 1679 1084 1769; baseline 0.001 -24"><span class='ocrx_word' id='word_1_50' title='bbox 132 1682 375 1766; x_wconf 82' lang='lat' dir='ltr'><strong>ignaros‚quum</strong></span> <span class='ocrx_word' id='word_1_51' title='bbox 385 1681 426 1744; x_wconf 92' lang='lat' dir='ltr'><strong>ab</strong></span> <span class='ocrx_word' id='word_1_52' title='bbox 436 1679 517 1759; x_wconf 88' lang='lat' dir='ltr'><strong>aliis,</strong></span> <span class='ocrx_word' id='word_1_53' title='bbox 526 1681 932 1769; x_wconf 82' lang='lat' dir='ltr'><strong>velase‚paralogiaentur,</strong></span> <span class='ocrx_word' id='word_1_54' title='bbox 942 1685 1084 1747; x_wconf 83' lang='lat' dir='ltr'><strong>homiues</strong></span> 
     </span>
     <span class='ocr_line' id='line_1_10' title="bbox 132 1781 1083 1870; baseline 0.001 -22"><span class='ocrx_word' id='word_1_55' title='bbox 132 1782 386 1857; x_wconf 90' lang='lat' dir='ltr'><strong>Nicodemianos,</strong></span> <span class='ocrx_word' id='word_1_56' title='bbox 399 1804 499 1867; x_wconf 93' lang='lat' dir='ltr'><strong>quum</strong></span> <span class='ocrx_word' id='word_1_57' title='bbox 515 1781 636 1846; x_wconf 72' lang='lat' dir='ltr'><strong>ineunt</strong></span> <span class='ocrx_word' id='word_1_58' title='bbox 652 1784 847 1869; x_wconf 87' lang='lat' dir='ltr'><strong>supplantati</strong></span> <span class='ocrx_word' id='word_1_59' title='bbox 863 1786 1002 1849; x_wconf 88' lang='lat' dir='ltr'><strong>diceutes</strong></span> <span class='ocrx_word' id='word_1_60' title='bbox 1017 1808 1083 1870; x_wconf 87' lang='lat' dir='ltr'><strong>prae</strong></span> 
     </span>
     <span class='ocr_line' id='line_1_11' title="bbox 133 1885 1085 1971; baseline -0.002 -21"><span class='ocrx_word' id='word_1_61' title='bbox 133 1900 273 1970; x_wconf 75' lang='lat' dir='ltr'><strong>stupore,</strong></span> <span class='ocrx_word' id='word_1_62' title='bbox 292 1886 432 1949; x_wconf 81' lang='lat' dir='ltr'><strong>Domine</strong></span> <span class='ocrx_word' id='word_1_63' title='bbox 453 1887 604 1966; x_wconf 84' lang='lat' dir='ltr'><strong>quomodo</strong></span> <span class='ocrx_word' id='word_1_64' title='bbox 622 1894 762 1968; x_wconf 78' lang='lat' dir='ltr'><strong>possum</strong></span> <span class='ocrx_word' id='word_1_65' title='bbox 783 1890 849 1950; x_wconf 78' lang='lat' dir='ltr'><strong>ltaec</strong></span> <span class='ocrx_word' id='word_1_66' title='bbox 857 1890 963 1971; x_wconf 79' lang='lat' dir='ltr'><strong>ficri?</strong></span> <span class='ocrx_word' id='word_1_67' title='bbox 993 1885 1085 1950; x_wconf 92' lang='lat' dir='ltr'><strong>Nihil</strong></span> 
     </span>
     <span class='ocr_line' id='line_1_12' title="bbox 132 1984 1083 2071; baseline 0 -23"><span class='ocrx_word' id='word_1_68' title='bbox 132 1997 235 2049; x_wconf 85' lang='lat' dir='ltr'><strong>autern</strong></span> <span class='ocrx_word' id='word_1_69' title='bbox 251 1997 311 2061; x_wconf 86' lang='lat' dir='ltr'><strong>est,</strong></span> <span class='ocrx_word' id='word_1_70' title='bbox 323 1986 411 2071; x_wconf 92' lang='lat' dir='ltr'><strong>quod</strong></span> <span class='ocrx_word' id='word_1_71' title='bbox 427 1985 532 2049; x_wconf 93' lang='lat' dir='ltr'><strong>minus</strong></span> <span class='ocrx_word' id='word_1_72' title='bbox 547 1984 657 2049; x_wconf 86' lang='lat' dir='ltr'><strong>deceat</strong></span> <span class='ocrx_word' id='word_1_73' title='bbox 673 1998 729 2050; x_wconf 91' lang='lat' dir='ltr'><strong>aut</strong></span> <span class='ocrx_word' id='word_1_74' title='bbox 744 1985 856 2071; x_wconf 78' lang='lat' dir='ltr'><strong>gloriae</strong></span> <span class='ocrx_word' id='word_1_75' title='bbox 870 1997 926 2049; x_wconf 92' lang='lat' dir='ltr'><strong>aut</strong></span> <span class='ocrx_word' id='word_1_76' title='bbox 943 1985 1083 2050; x_wconf 81' lang='lat' dir='ltr'><strong>victoriae</strong></span> 
     </span>
     <span class='ocr_line' id='line_1_13' title="bbox 132 2085 1084 2171; baseline -0.003 -20"><span class='ocrx_word' id='word_1_77' title='bbox 132 2099 335 2171; x_wconf 83' lang='lat' dir='ltr'><strong>captatorem.</strong></span> <span class='ocrx_word' id='word_1_78' title='bbox 382 2089 464 2150; x_wconf 88' lang='lat' dir='ltr'><strong>Sane</strong></span> <span class='ocrx_word' id='word_1_79' title='bbox 486 2086 642 2170; x_wconf 84' lang='lat' dir='ltr'><strong>litigiosus</strong></span> <span class='ocrx_word' id='word_1_80' title='bbox 664 2085 839 2163; x_wconf 89' lang='lat' dir='ltr'><strong>victoriam,</strong></span> <span class='ocrx_word' id='word_1_81' title='bbox 855 2086 996 2171; x_wconf 84' lang='lat' dir='ltr'><strong>sophista</strong></span> <span class='ocrx_word' id='word_1_82' title='bbox 1014 2086 1084 2171; x_wconf 88' lang='lat' dir='ltr'><strong>glo-</strong></span> 
     </span>
     <span class='ocr_line' id='line_1_14' title="bbox 132 2185 1083 2273; baseline 0.002 -24"><span class='ocrx_word' id='word_1_83' title='bbox 132 2185 208 2250; x_wconf 86' lang='lat' dir='ltr'><strong>riam</strong></span> <span class='ocrx_word' id='word_1_84' title='bbox 228 2185 357 2272; x_wconf 83' lang='lat' dir='ltr'><strong>quoerit,</strong></span> <span class='ocrx_word' id='word_1_85' title='bbox 381 2187 520 2271; x_wconf 89' lang='lat' dir='ltr'><strong>finisque</strong></span> <span class='ocrx_word' id='word_1_86' title='bbox 544 2187 711 2273; x_wconf 89' lang='lat' dir='ltr'><strong>utriusque</strong></span> <span class='ocrx_word' id='word_1_87' title='bbox 733 2185 765 2251; x_wconf 89' lang='lat' dir='ltr'><strong>in</strong></span> <span class='ocrx_word' id='word_1_88' title='bbox 788 2186 1083 2273; x_wconf 82' lang='lat' dir='ltr'><strong>disceptationibus,</strong></span> 
     </span>
     <span class='ocr_line' id='line_1_15' title="bbox 132 2286 1083 2374; baseline 0 -22"><span class='ocrx_word' id='word_1_89' title='bbox 132 2300 161 2352; x_wconf 86' lang='lat' dir='ltr'><strong>et</strong></span> <span class='ocrx_word' id='word_1_90' title='bbox 190 2286 448 2352; x_wconf 87' lang='lat' dir='ltr'><strong>contentionibus</strong></span> <span class='ocrx_word' id='word_1_91' title='bbox 477 2288 650 2372; x_wconf 89' lang='lat' dir='ltr'><strong>plurimum</strong></span> <span class='ocrx_word' id='word_1_92' title='bbox 682 2287 797 2374; x_wconf 91' lang='lat' dir='ltr'><strong>placet.</strong></span> <span class='ocrx_word' id='word_1_93' title='bbox 853 2288 950 2352; x_wconf 90' lang='lat' dir='ltr'><strong>Unde</strong></span> <span class='ocrx_word' id='word_1_94' title='bbox 978 2302 1009 2354; x_wconf 91' lang='lat' dir='ltr'><strong>et</strong></span> <span class='ocrx_word' id='word_1_95' title='bbox 1041 2288 1083 2354; x_wconf 84' lang='lat' dir='ltr'><strong>ad</strong></span> 
     </span>
     <span class='ocr_line' id='line_1_16' title="bbox 131 2388 1083 2476; baseline 0 -25"><span class='ocrx_word' id='word_1_96' title='bbox 131 2389 269 2473; x_wconf 89' lang='lat' dir='ltr'><strong>phrasim</strong></span> <span class='ocrx_word' id='word_1_97' title='bbox 292 2388 530 2464; x_wconf 89' lang='lat' dir='ltr'><strong>conciliandam,</strong></span> <span class='ocrx_word' id='word_1_98' title='bbox 552 2404 583 2453; x_wconf 85' lang='lat' dir='ltr'><strong>et</strong></span> <span class='ocrx_word' id='word_1_99' title='bbox 602 2388 700 2454; x_wconf 91' lang='lat' dir='ltr'><strong>totius</strong></span> <span class='ocrx_word' id='word_1_100' title='bbox 720 2388 932 2476; x_wconf 70' lang='lat' dir='ltr'><strong>philosophiae</strong></span> <span class='ocrx_word' id='word_1_101' title='bbox 954 2389 1083 2454; x_wconf 87' lang='lat' dir='ltr'><strong>investi·</strong></span> 
     </span>
     <span class='ocr_line' id='line_1_17' title="bbox 131 2488 1083 2576; baseline -0.001 -23"><span class='ocrx_word' id='word_1_102' title='bbox 131 2488 283 2572; x_wconf 82' lang='lat' dir='ltr'><strong>gationes,</strong></span> <span class='ocrx_word' id='word_1_103' title='bbox 296 2489 475 2574; x_wconf 70' lang='lat' dir='ltr'><strong>sophisticae</strong></span> <span class='ocrx_word' id='word_1_104' title='bbox 487 2493 673 2554; x_wconf 85' lang='lat' dir='ltr'><strong>exercitatio</strong></span> <span class='ocrx_word' id='word_1_105' title='bbox 685 2490 858 2576; x_wconf 89' lang='lat' dir='ltr'><strong>plurimum</strong></span> <span class='ocrx_word' id='word_1_106' title='bbox 871 2489 1014 2575; x_wconf 86' lang='lat' dir='ltr'><strong>prodest:</strong></span> <span class='ocrx_word' id='word_1_107' title='bbox 1038 2490 1083 2553; x_wconf 90' lang='lat' dir='ltr'><strong>ita</strong></span> 
     </span>
     <span class='ocr_line' id='line_1_18' title="bbox 131 2588 1082 2673; baseline 0.001 -21"><span class='ocrx_word' id='word_1_108' title='bbox 131 2601 245 2663; x_wconf 87' lang='lat' dir='ltr'><strong>tamen,</strong></span> <span class='ocrx_word' id='word_1_109' title='bbox 268 2600 305 2652; x_wconf 91' lang='lat' dir='ltr'><strong>ut</strong></span> <span class='ocrx_word' id='word_1_110' title='bbox 326 2588 454 2669; x_wconf 85' lang='lat' dir='ltr'><strong>veritas,</strong></span> <span class='ocrx_word' id='word_1_111' title='bbox 469 2612 531 2653; x_wconf 90' lang='lat' dir='ltr'><strong>non</strong></span> <span class='ocrx_word' id='word_1_112' title='bbox 553 2589 739 2665; x_wconf 83' lang='lat' dir='ltr'><strong>verbositas,</strong></span> <span class='ocrx_word' id='word_1_113' title='bbox 755 2593 797 2652; x_wconf 89' lang='lat' dir='ltr'><strong>sit</strong></span> <span class='ocrx_word' id='word_1_114' title='bbox 818 2590 916 2673; x_wconf 89' lang='lat' dir='ltr'><strong>hujus</strong></span> <span class='ocrx_word' id='word_1_115' title='bbox 938 2588 1082 2653; x_wconf 85' lang='lat' dir='ltr'><strong>exercitii</strong></span> 
     </span>
     <span class='ocr_line' id='line_1_19' title="bbox 131 2688 1080 2774; baseline 0.001 -23"><span class='ocrx_word' id='word_1_116' title='bbox 131 2688 264 2754; x_wconf 86' lang='lat' dir='ltr'><strong>fructus.</strong></span> <span class='ocrx_word' id='word_1_117' title='bbox 311 2690 362 2753; x_wconf 90' lang='lat' dir='ltr'><strong>Sic</strong></span> <span class='ocrx_word' id='word_1_118' title='bbox 375 2690 459 2753; x_wconf 90' lang='lat' dir='ltr'><strong>enim</strong></span> <span class='ocrx_word' id='word_1_119' title='bbox 481 2689 625 2753; x_wconf 83' lang='lat' dir='ltr'><strong>veritatis</strong></span> <span class='ocrx_word' id='word_1_120' title='bbox 640 2702 672 2752; x_wconf 88' lang='lat' dir='ltr'><strong>et</strong></span> <span class='ocrx_word' id='word_1_121' title='bbox 693 2689 856 2774; x_wconf 76' lang='lat' dir='ltr'><strong>sapientiae</strong></span> <span class='ocrx_word' id='word_1_122' title='bbox 871 2689 993 2752; x_wconf 84' lang='lat' dir='ltr'><strong>famula</strong></span> <span class='ocrx_word' id='word_1_123' title='bbox 1014 2704 1080 2754; x_wconf 93' lang='lat' dir='ltr'><strong>est:</strong></span> 
     </span>
     <span class='ocr_line' id='line_1_20' title="bbox 130 2787 1084 2876; baseline -0.002 -23"><span class='ocrx_word' id='word_1_124' title='bbox 130 2787 270 2876; x_wconf 85' lang='lat' dir='ltr'><strong>alioquin</strong></span> <span class='ocrx_word' id='word_1_125' title='bbox 286 2791 442 2867; x_wconf 89' lang='lat' dir='ltr'><strong>adultera,</strong></span> <span class='ocrx_word' id='word_1_126' title='bbox 458 2790 595 2875; x_wconf 88' lang='lat' dir='ltr'><strong>prodens</strong></span> <span class='ocrx_word' id='word_1_127' title='bbox 611 2801 786 2862; x_wconf 81' lang='lat' dir='ltr'><strong>amatores3</strong></span> <span class='ocrx_word' id='word_1_128' title='bbox 811 2812 893 2873; x_wconf 90' lang='lat' dir='ltr'><strong>quos</strong></span> <span class='ocrx_word' id='word_1_129' title='bbox 907 2802 1084 2853; x_wconf 71' lang='lat' dir='ltr'><strong>excaecatos</strong></span> 
     </span>
     <span class='ocr_line' id='line_1_21' title="bbox 131 2887 1084 2976; baseline -0.004 -21"><span class='ocrx_word' id='word_1_130' title='bbox 131 2891 261 2976; x_wconf 85' lang='lat' dir='ltr'><strong>exponit</strong></span> <span class='ocrx_word' id='word_1_131' title='bbox 277 2891 448 2968; x_wconf 88' lang='lat' dir='ltr'><strong>erroribus,</strong></span> <span class='ocrx_word' id='word_1_132' title='bbox 463 2902 495 2953; x_wconf 85' lang='lat' dir='ltr'><strong>et</strong></span> <span class='ocrx_word' id='word_1_133' title='bbox 510 2890 542 2952; x_wconf 92' lang='lat' dir='ltr'><strong>in</strong></span> <span class='ocrx_word' id='word_1_134' title='bbox 557 2887 771 2974; x_wconf 71' lang='lat' dir='ltr'><strong>praecipitium</strong></span> <span class='ocrx_word' id='word_1_135' title='bbox 788 2889 887 2954; x_wconf 83' lang='lat' dir='ltr'><strong>ducit.</strong></span> <span class='ocrx_word' id='word_1_136' title='bbox 922 2889 975 2954; x_wconf 84' lang='lat' dir='ltr'><strong>Ait</strong></span> <span class='ocrx_word' id='word_1_137' title='bbox 994 2891 1084 2973; x_wconf 91' lang='lat' dir='ltr'><strong>Sapi-</strong></span> 
     </span>
     <span class='ocr_line' id='line_1_22' title="bbox 130 2988 1083 3076; baseline -0.005 -20"><span class='ocrx_word' id='word_1_138' title='bbox 130 2993 225 3066; x_wconf 87' lang='lat' dir='ltr'><strong>entia,</strong></span> <span class='ocrx_word' id='word_1_139' title='bbox 242 2992 308 3064; x_wconf 87' lang='lat' dir='ltr'><strong>Qui</strong></span> <span class='ocrx_word' id='word_1_140' title='bbox 324 2990 494 3075; x_wconf 87' lang='lat' dir='ltr'><strong>sophistice</strong></span> <span class='ocrx_word' id='word_1_141' title='bbox 511 2991 666 3076; x_wconf 90' lang='lat' dir='ltr'><strong>loquitur,</strong></span> <span class='ocrx_word' id='word_1_142' title='bbox 681 2989 809 3055; x_wconf 90' lang='lat' dir='ltr'><strong>odibilis</strong></span> <span class='ocrx_word' id='word_1_143' title='bbox 824 3003 890 3054; x_wconf 89' lang='lat' dir='ltr'><strong>est:</strong></span> <span class='ocrx_word' id='word_1_144' title='bbox 919 2988 974 3052; x_wconf 89' lang='lat' dir='ltr'><strong>sed</strong></span> <span class='ocrx_word' id='word_1_145' title='bbox 990 2989 1083 3074; x_wconf 90' lang='lat' dir='ltr'><strong>plane</strong></span> 
     </span>
     <span class='ocr_line' id='line_1_23' title="bbox 129 3088 1083 3174; baseline -0.006 -16"><span class='ocrx_word' id='word_1_146' title='bbox 129 3091 281 3158; x_wconf 88' lang='lat' dir='ltr'><strong>odibilior</strong></span> <span class='ocrx_word' id='word_1_147' title='bbox 301 3104 359 3162; x_wconf 90' lang='lat' dir='ltr'><strong>est,</strong></span> <span class='ocrx_word' id='word_1_148' title='bbox 382 3088 439 3173; x_wconf 91' lang='lat' dir='ltr'><strong>qui</strong></span> <span class='ocrx_word' id='word_1_149' title='bbox 462 3088 633 3174; x_wconf 89' lang='lat' dir='ltr'><strong>sophistice</strong></span> <span class='ocrx_word' id='word_1_150' title='bbox 654 3089 752 3153; x_wconf 84' lang='lat' dir='ltr'><strong>vivit:</strong></span> <span class='ocrx_word' id='word_1_151' title='bbox 783 3112 871 3152; x_wconf 91' lang='lat' dir='ltr'><strong>error</strong></span> <span class='ocrx_word' id='word_1_152' title='bbox 892 3089 976 3152; x_wconf 88' lang='lat' dir='ltr'><strong>enirn</strong></span> <span class='ocrx_word' id='word_1_153' title='bbox 997 3089 1083 3163; x_wconf 74' lang='lat' dir='ltr'><strong>vitae,</strong></span> 
     </span>
     <span class='ocr_line' id='line_1_24' title="bbox 130 3187 1085 3279; baseline -0.005 -22"><span class='ocrx_word' id='word_1_154' title='bbox 130 3213 227 3279; x_wconf 89' lang='lat' dir='ltr'><strong>quam</strong></span> <span class='ocrx_word' id='word_1_155' title='bbox 245 3188 346 3264; x_wconf 84' lang='lat' dir='ltr'><strong>verbi,</strong></span> <span class='ocrx_word' id='word_1_156' title='bbox 361 3187 575 3273; x_wconf 90' lang='lat' dir='ltr'><strong>perniciosior.</strong></span> <span class='ocrx_word' id='word_1_157' title='bbox 619 3187 686 3253; x_wconf 84' lang='lat' dir='ltr'><strong>Vix</strong></span> <span class='ocrx_word' id='word_1_158' title='bbox 701 3202 749 3252; x_wconf 89' lang='lat' dir='ltr'><strong>est</strong></span> <span class='ocrx_word' id='word_1_159' title='bbox 771 3203 876 3252; x_wconf 90' lang='lat' dir='ltr'><strong>tamen</strong></span> <span class='ocrx_word' id='word_1_160' title='bbox 891 3190 949 3274; x_wconf 92' lang='lat' dir='ltr'><strong>qui</strong></span> <span class='ocrx_word' id='word_1_161' title='bbox 970 3188 1000 3251; x_wconf 89' lang='lat' dir='ltr'><strong>iu</strong></span> <span class='ocrx_word' id='word_1_162' title='bbox 1018 3189 1085 3252; x_wconf 89' lang='lat' dir='ltr'><strong>vita</strong></span> 
     </span>
     <span class='ocr_line' id='line_1_25' title="bbox 129 3288 1084 3375; baseline -0.003 -17"><span class='ocrx_word' id='word_1_163' title='bbox 129 3317 190 3359; x_wconf 90' lang='lat' dir='ltr'><strong>non</strong></span> <span class='ocrx_word' id='word_1_164' title='bbox 207 3293 353 3355; x_wconf 88' lang='lat' dir='ltr'><strong>imitetur</strong></span> <span class='ocrx_word' id='word_1_165' title='bbox 364 3288 661 3373; x_wconf 85' lang='lat' dir='ltr'><strong>sophistam,quurn</strong></span> <span class='ocrx_word' id='word_1_166' title='bbox 677 3289 722 3364; x_wconf 92' lang='lat' dir='ltr'><strong>hi,</strong></span> <span class='ocrx_word' id='word_1_167' title='bbox 735 3290 793 3375; x_wconf 92' lang='lat' dir='ltr'><strong>qui</strong></span> <span class='ocrx_word' id='word_1_168' title='bbox 808 3312 871 3354; x_wconf 91' lang='lat' dir='ltr'><strong>non</strong></span> <span class='ocrx_word' id='word_1_169' title='bbox 888 3303 973 3367; x_wconf 91' lang='lat' dir='ltr'><strong>sunt,</strong></span> <span class='ocrx_word' id='word_1_170' title='bbox 984 3288 1084 3355; x_wconf 83' lang='lat' dir='ltr'><strong>velint</strong></span> 
     </span>
     <span class='ocr_line' id='line_1_26' title="bbox 129 3389 1083 3477; baseline -0.001 -19"><span class='ocrx_word' id='word_1_171' title='bbox 129 3395 230 3461; x_wconf 80' lang='lat' dir='ltr'><strong>rideri</strong></span> <span class='ocrx_word' id='word_1_172' title='bbox 247 3392 333 3467; x_wconf 91' lang='lat' dir='ltr'><strong>boni,</strong></span> <span class='ocrx_word' id='word_1_173' title='bbox 349 3405 380 3456; x_wconf 90' lang='lat' dir='ltr'><strong>et</strong></span> <span class='ocrx_word' id='word_1_174' title='bbox 395 3390 455 3454; x_wconf 89' lang='lat' dir='ltr'><strong>hoc</strong></span> <span class='ocrx_word' id='word_1_175' title='bbox 472 3390 572 3453; x_wconf 89' lang='lat' dir='ltr'><strong>modis</strong></span> <span class='ocrx_word' id='word_1_176' title='bbox 583 3389 731 3456; x_wconf 87' lang='lat' dir='ltr'><strong>omnibus</strong></span> <span class='ocrx_word' id='word_1_177' title='bbox 744 3405 861 3476; x_wconf 85' lang='lat' dir='ltr'><strong>agant;</strong></span> <span class='ocrx_word' id='word_1_178' title='bbox 889 3393 990 3477; x_wconf 88' lang='lat' dir='ltr'><strong>etqui</strong></span> <span class='ocrx_word' id='word_1_179' title='bbox 1006 3393 1083 3458; x_wconf 90' lang='lat' dir='ltr'><strong>boni</strong></span> 
     </span>
     <span class='ocr_line' id='line_1_27' title="bbox 129 3492 1081 3580; baseline -0.001 -20"><span class='ocrx_word' id='word_1_180' title='bbox 129 3509 215 3573; x_wconf 87' lang='lat' dir='ltr'><strong>sunt,</strong></span> <span class='ocrx_word' id='word_1_181' title='bbox 230 3495 365 3559; x_wconf 90' lang='lat' dir='ltr'><strong>aliorum</strong></span> <span class='ocrx_word' id='word_1_182' title='bbox 382 3515 468 3578; x_wconf 88' lang='lat' dir='ltr'><strong>saepe</strong></span> <span class='ocrx_word' id='word_1_183' title='bbox 488 3492 716 3557; x_wconf 88' lang='lat' dir='ltr'><strong>circumvenire</strong></span> <span class='ocrx_word' id='word_1_184' title='bbox 730 3508 877 3580; x_wconf 80' lang='lat' dir='ltr'><strong>quaerant</strong></span> <span class='ocrx_word' id='word_1_185' title='bbox 893 3495 1028 3580; x_wconf 86' lang='lat' dir='ltr'><strong>judicia,</strong></span> <span class='ocrx_word' id='word_1_186' title='bbox 1046 3507 1081 3559; x_wconf 92' lang='lat' dir='ltr'><strong>ut</strong></span> 
     </span>
     <span class='ocr_line' id='line_1_28' title="bbox 129 3593 1170 3680; baseline -0.001 -19"><span class='ocrx_word' id='word_1_187' title='bbox 129 3597 271 3662; x_wconf 90' lang='lat' dir='ltr'><strong>meliores</strong></span> <span class='ocrx_word' id='word_1_188' title='bbox 286 3618 382 3680; x_wconf 87' lang='lat' dir='ltr'><strong>quam</strong></span> <span class='ocrx_word' id='word_1_189' title='bbox 401 3595 474 3673; x_wconf 89' lang='lat' dir='ltr'><strong>sint,</strong></span> <span class='ocrx_word' id='word_1_190' title='bbox 490 3593 667 3661; x_wconf 85' lang='lat' dir='ltr'><strong>videantur.</strong></span> <span class='ocrx_word' id='word_1_191' title='bbox 713 3595 812 3671; x_wconf 88' lang='lat' dir='ltr'><strong>Quod</strong></span> <span class='ocrx_word' id='word_1_192' title='bbox 827 3597 959 3680; x_wconf 90' lang='lat' dir='ltr'><strong>quidem</strong></span> <span class='ocrx_word' id='word_1_193' title='bbox 974 3610 1033 3674; x_wconf 89' lang='lat' dir='ltr'><strong>est,</strong></span> <span class='ocrx_word' id='word_1_194' title='bbox 1048 3597 1081 3660; x_wconf 91' lang='lat' dir='ltr'><strong>in</strong></span> <span class='ocrx_word' id='word_1_195' title='bbox 1164 3658 1170 3670; x_wconf 78' lang='grc'><strong><em>,</em></strong></span> 
     </span>
     <span class='ocr_line' id='line_1_29' title="bbox 130 3694 1081 3783; baseline -0.001 -22"><span class='ocrx_word' id='word_1_196' title='bbox 130 3698 251 3763; x_wconf 88' lang='lat' dir='ltr'><strong>ratione</strong></span> <span class='ocrx_word' id='word_1_197' title='bbox 264 3695 403 3771; x_wconf 86' lang='lat' dir='ltr'><strong>vivendi,</strong></span> <span class='ocrx_word' id='word_1_198' title='bbox 416 3694 591 3781; x_wconf 87' lang='lat' dir='ltr'><strong>sophistam</strong></span> <span class='ocrx_word' id='word_1_199' title='bbox 607 3694 760 3770; x_wconf 79' lang='lat' dir='ltr'><strong>induere3</strong></span> <span class='ocrx_word' id='word_1_200' title='bbox 785 3696 811 3760; x_wconf 91' lang='lat' dir='ltr'><strong>si</strong></span> <span class='ocrx_word' id='word_1_201' title='bbox 827 3708 931 3761; x_wconf 85' lang='lat' dir='ltr'><strong>tamen</strong></span> <span class='ocrx_word' id='word_1_202' title='bbox 945 3698 1081 3783; x_wconf 87' lang='lat' dir='ltr'><strong>gloriam</strong></span> 
     </span>
     <span class='ocr_line' id='line_1_30' title="bbox 130 3793 1079 3882; baseline 0.001 -22"><span class='ocrx_word' id='word_1_203' title='bbox 130 3796 291 3882; x_wconf 88' lang='lat' dir='ltr'><strong>propriam</strong></span> <span class='ocrx_word' id='word_1_204' title='bbox 322 3793 486 3857; x_wconf 90' lang='lat' dir='ltr'><strong>simulator</strong></span> <span class='ocrx_word' id='word_1_205' title='bbox 517 3793 661 3860; x_wconf 82' lang='lat' dir='ltr'><strong>affectat:</strong></span> <span class='ocrx_word' id='word_1_206' title='bbox 698 3817 770 3858; x_wconf 88' lang='lat' dir='ltr'><strong>nam</strong></span> <span class='ocrx_word' id='word_1_207' title='bbox 805 3795 831 3859; x_wconf 90' lang='lat' dir='ltr'><strong>si</strong></span> <span class='ocrx_word' id='word_1_208' title='bbox 864 3797 1016 3878; x_wconf 84' lang='lat' dir='ltr'><strong>divinam,</strong></span> <span class='ocrx_word' id='word_1_209' title='bbox 1048 3810 1079 3861; x_wconf 93' lang='lat' dir='ltr'><strong>et</strong></span> 
     </span>
     <span class='ocr_line' id='line_1_31' title="bbox 130 3894 872 3981; baseline 0 -20"><span class='ocrx_word' id='word_1_210' title='bbox 130 3895 257 3980; x_wconf 86' lang='lat' dir='ltr'><strong>quidem</strong></span> <span class='ocrx_word' id='word_1_211' title='bbox 273 3916 314 3957; x_wconf 86' lang='lat' dir='ltr'><strong>ex</strong></span> <span class='ocrx_word' id='word_1_212' title='bbox 329 3895 471 3971; x_wconf 89' lang='lat' dir='ltr'><strong>scientia,</strong></span> <span class='ocrx_word' id='word_1_213' title='bbox 487 3895 569 3959; x_wconf 82' lang='lat' dir='ltr'><strong>forte</strong></span> <span class='ocrx_word' id='word_1_214' title='bbox 586 3894 701 3981; x_wconf 88' lang='lat' dir='ltr'><strong>poterit</strong></span> <span class='ocrx_word' id='word_1_215' title='bbox 716 3897 872 3961; x_wconf 87' lang='lat' dir='ltr'><strong>excusari.</strong></span> 
     </span>
    </p>
   </div>
   <div class='ocr_carea' id='block_1_3' title="bbox 310 4065 906 4148">
    <p class='ocr_par' dir='ltr' id='par_1_3' title="bbox 310 4065 906 4148">
     <span class='ocr_line' id='line_1_32' title="bbox 310 4065 906 4148; baseline 0.003 -22"><span class='ocrx_word' id='word_1_216' title='bbox 310 4066 387 4148; x_wconf 89' lang='lat' dir='ltr'><strong>Cap.</strong></span> <span class='ocrx_word' id='word_1_217' title='bbox 404 4070 454 4127; x_wconf 73' lang='lat'><strong>23.</strong></span> <span class='ocrx_word' id='word_1_218' title='bbox 479 4065 531 4128; x_wconf 89' lang='lat' dir='ltr'><strong>De</strong></span> <span class='ocrx_word' id='word_1_219' title='bbox 546 4067 733 4147; x_wconf 82' lang='lat' dir='ltr'><strong>Sophisticir</strong></span> <span class='ocrx_word' id='word_1_220' title='bbox 744 4067 906 4129; x_wconf 80' lang='lat' dir='ltr'><strong>Elcnchr&#39;s.</strong></span> 
     </span>
    </p>
   </div>
   <div class='ocr_carea' id='block_1_4' title="bbox 129 4193 1081 4561">
    <p class='ocr_par' dir='ltr' id='par_1_4' title="bbox 129 4193 1081 4479">
     <span class='ocr_line' id='line_1_33' title="bbox 172 4193 1081 4283; baseline -0.009 -20"><span class='ocrx_word' id='word_1_221' title='bbox 172 4200 273 4263; x_wconf 78' lang='lat' dir='ltr'><strong>Hanc</strong></span> <span class='ocrx_word' id='word_1_222' title='bbox 293 4197 402 4281; x_wconf 88' lang='lat' dir='ltr'><strong>itaque</strong></span> <span class='ocrx_word' id='word_1_223' title='bbox 418 4197 449 4260; x_wconf 91' lang='lat' dir='ltr'><strong>in</strong></span> <span class='ocrx_word' id='word_1_224' title='bbox 470 4197 609 4262; x_wconf 84' lang='lat' dir='ltr'><strong>scholam</strong></span> <span class='ocrx_word' id='word_1_225' title='bbox 626 4198 871 4283; x_wconf 75' lang='lat' dir='ltr'><strong>Peripateticum</strong></span> <span class='ocrx_word' id='word_1_226' title='bbox 893 4193 1081 4257; x_wconf 88' lang='lat' dir='ltr'><strong>Aristoteles</strong></span> 
     </span>
     <span class='ocr_line' id='line_1_34' title="bbox 129 4291 1081 4382; baseline -0.007 -21"><span class='ocrx_word' id='word_1_227' title='bbox 129 4298 314 4377; x_wconf 92' lang='lat' dir='ltr'><strong>introducit,</strong></span> <span class='ocrx_word' id='word_1_228' title='bbox 323 4312 356 4363; x_wconf 90' lang='lat' dir='ltr'><strong>et</strong></span> <span class='ocrx_word' id='word_1_229' title='bbox 371 4298 567 4363; x_wconf 81' lang='lat' dir='ltr'><strong>fallaciarum</strong></span> <span class='ocrx_word' id='word_1_230' title='bbox 580 4300 665 4363; x_wconf 91' lang='lat' dir='ltr'><strong>nube</strong></span> <span class='ocrx_word' id='word_1_231' title='bbox 676 4297 822 4382; x_wconf 87' lang='lat' dir='ltr'><strong>depulsa,</strong></span> <span class='ocrx_word' id='word_1_232' title='bbox 834 4296 927 4359; x_wconf 90' lang='lat' dir='ltr'><strong>docet</strong></span> <span class='ocrx_word' id='word_1_233' title='bbox 942 4291 1081 4376; x_wconf 85' lang='lat' dir='ltr'><strong>qualiter</strong></span> 
     </span>
     <span class='ocr_line' id='line_1_35' title="bbox 130 4392 1080 4479; baseline -0.009 -18"><span class='ocrx_word' id='word_1_234' title='bbox 130 4398 254 4463; x_wconf 83' lang='lat' dir='ltr'><strong>admitti</strong></span> <span class='ocrx_word' id='word_1_235' title='bbox 269 4398 396 4477; x_wconf 88' lang='lat' dir='ltr'><strong>debeat,</strong></span> <span class='ocrx_word' id='word_1_236' title='bbox 412 4412 469 4464; x_wconf 86' lang='lat' dir='ltr'><strong>aut</strong></span> <span class='ocrx_word' id='word_1_237' title='bbox 492 4400 595 4463; x_wconf 83' lang='lat' dir='ltr'><strong>vitari.</strong></span> <span class='ocrx_word' id='word_1_238' title='bbox 642 4398 734 4461; x_wconf 88' lang='lat' dir='ltr'><strong>Vires</strong></span> <span class='ocrx_word' id='word_1_239' title='bbox 754 4398 824 4479; x_wconf 86' lang='lat' dir='ltr'><strong>ejus</strong></span> <span class='ocrx_word' id='word_1_240' title='bbox 846 4392 1007 4455; x_wconf 86' lang='lat' dir='ltr'><strong>universas</strong></span> <span class='ocrx_word' id='word_1_241' title='bbox 1026 4413 1080 4454; x_wconf 85' lang='lat' dir='ltr'><strong>ex-</strong></span> 
     </span>
    </p>

    <p class='ocr_par' dir='ltr' id='par_1_5' title="bbox 578 4505 635 4561">
     <span class='ocr_line' id='line_1_36' title="bbox 578 4505 635 4561; baseline 0.018 -1"><span class='ocrx_word' id='word_1_242' title='bbox 578 4505 635 4561; x_wconf 64' lang='grc' dir='ltr'><strong>ΝΩ</strong></span> 
     </span>
    </p>
   </div>
   <div class='ocr_carea' id='block_1_5' title="bbox 0 0 1500 5592">
    <p class='ocr_par' dir='ltr' id='par_1_6' title="bbox 0 0 1500 5592">
     <span class='ocr_line' id='line_1_37' title="bbox 0 0 1500 5592; baseline 0 0"><span class='ocrx_word' id='word_1_243' title='bbox 0 0 1500 5592; x_wconf 95' lang='lat' dir='ltr'><strong> </strong></span> 
     </span>
    </p>
   </div>
  </div>
 </body>
</html>
