2992 5592
400 797 466 856 860
658 810 796 855 maurus
811 810 1092 855 sanssannrausrs

402 964 445 1026 sit
459 962 503 1024 eis
518 963 552 1023 in
564 961 635 1043 ipso
647 960 790 1024 cobaeres
803 963 1033 1026 consolationis
1044 975 1077 1024 et
1093 965 1216 1044 glorias.
1256 963 1349 1046 Cujus

399 1075 435 1127 ut
450 1063 559 1125 merita
580 1061 697 1124 clarius
719 1063 914 1136 elucescant,
930 1084 1087 1127 summam
1103 1066 1348 1128 conversationis

398 1163 467 1247 ojus
481 1163 665 1225 succinctus
679 1176 711 1225 et
730 1163 904 1227 admodum
924 1165 1030 1226 brevis
1052 1187 1158 1228 sermo
1182 1179 1346 1249 percurrat

398 1265 483 1326 Nam
496 1275 657 1345 gestorum
673 1264 742 1347 ejus
761 1265 874 1328 seriem
893 1286 1000 1342 nosse,
1014 1267 1042 1328 si
1057 1267 1110 1328 cui
1127 1268 1209 1331 forta
1232 1268 1266 1330 in
1280 1279 1346 1330 roto

397 1377 456 1441 est,
477 1387 496 1427 a
517 1365 652 1446 magnis,
675 1387 746 1449 quae
770 1368 811 1428 ab
836 1366 892 1430 illo
918 1367 1012 1429 etde
1035 1368 1092 1430 illo
1119 1369 1244 1452 scripta
1268 1380 1346 1444 sunt,

396 1465 612 1528 voluminibus
626 1466 686 1527 erit
700 1465 885 1529 mutuanda.
924 1468 970 1531 Ut
985 1479 1113 1531 constet
1128 1468 1171 1531 ad
1187 1489 1343 1531 commen·

397 1566 558 1632 dationem
573 1568 682 1649 gratiae
697 1568 771 1644 Dei,
783 1589 854 1652 quae
869 1568 923 1631 ubi
940 1570 1008 1631 vult
1022 1570 1134 1652 spirat,
1146 1592 1245 1654 quarn
1260 1571 1341 1633 breri

395 1669 561 1732 intervallo
576 1669 730 1733 variarum
745 1670 992 1750 occupationum
1008 1672 1189 1752 expleverit
1205 1685 1343 1754 tempora

395 1773 505 1848 multa,
520 1770 665 1833 indicant
677 1770 739 1833 hoc
758 1771 900 1852 epistola
915 1770 996 1854 ejus,
1012 1785 1045 1834 et
1064 1773 1186 1852 scripta
1202 1772 1343 1846 aliorum,

394 1872 491 1954 plena
505 1886 537 1933 et
552 1870 650 1951 digna
665 1872 777 1945 relatu,
793 1891 863 1952 quae
879 1880 943 1933 tam
958 1884 1135 1954 praesentes
1151 1892 1250 1954 quarn
1270 1893 1339 1954 pos-

392 1984 489 2050 teros,
504 1973 530 2035 si
549 1972 721 2053 diligenter
740 1971 961 2064 inspiciantur,
977 1971 1019 2036 ad
1033 1973 1181 2039 virtutem
1197 1985 1342 2063 poterunt

392 2095 542 2142 animare,

577 2240 756 2305 INCIPIT
777 2241 885 2304 VITA
907 2241 939 2304 S.
963 2240 1152 2305 THOMAE.

430 2391 631 2453 Pnanrcrus
646 2391 743 2471 igitur
758 2392 961 2456 beatissimus
975 2393 1119 2456 Thomas
1134 2395 1336 2460 londonien-

387 2492 432 2554 sis
447 2490 535 2554 urbis
549 2491 712 2572 indigena,
722 2504 891 2574 pareutum
903 2494 1113 2557 mediocrium
1128 2499 1238 2579 proles
1253 2499 1336 2561 illus·

386 2594 451 2664 tris,
479 2616 498 2655 a
522 2592 631 2676 primis
660 2593 885 2657 adolescentiae
912 2596 1007 2657 annis
1034 2595 1136 2676 gratia
1166 2600 1336 2683 multiplici

386 2694 505 2759 ditatus
533 2708 592 2757 est.
635 2696 715 2758 Erat
744 2695 829 2756 enim
859 2706 979 2758 statura
1010 2717 1174 2779 procerus,
1203 2697 1335 2762 decoms

384 2795 496 2867 forma,
511 2793 642 2873 ingenio
657 2790 841 2875 perspicax,
853 2791 958 2855 dulcis
973 2804 1005 2855 et
1014 2793 1183 2875 jucundus
1195 2797 1334 2879 eloquio,

384 2904 418 2956 et
447 2904 612 2955 venustate
641 2913 763 2954 morum
794 2912 851 2975 pro
877 2903 969 2956 aetate
995 2895 1154 2972 amabilis,
1179 2907 1334 2981 tantoque

382 2995 514 3059 rationis
536 2995 665 3075 vigebat
689 2995 835 3057 acumina
861 3006 897 3057 ut
920 2994 1092 3077 prudenter
1115 2996 1277 3061 inauditas
1299 3007 1333 3062 et

381 3096 528 3160 difficiles
539 3098 675 3159 solveret
689 3096 892 3179 mimallones,
907 3095 1055 3179 adeoque
1070 3098 1156 3161 felici
1172 3099 1331 3180 gaudebat

379 3198 531 3261 memoria
544 3208 581 3260 ut
595 3219 668 3280 quae
683 3199 781 3260 semel
803 3198 837 3259 in
859 3197 1025 3260 sententiis
1048 3210 1105 3261 aut
1118 3201 1225 3263 verbis
1247 3200 1329 3265 didi·

379 3312 475 3376 cerat,
500 3299 565 3361 fere
592 3298 717 3381 quotics
742 3299 882 3372 volebat,
908 3309 1017 3380 posset
1043 3299 1113 3362 siue
1140 3300 1330 3366 difficultate

377 3401 526 3484 proferre.
573 3399 669 3473 Quod
698 3400 791 3463 multi
815 3399 1001 3464 literatiores
1026 3402 1155 3484 assequi
1185 3404 1252 3467 non
1275 3425 1328 3468 ra·

377 3506 491 3579 lentes,
529 3514 648 3566 mutam
685 3503 804 3565 mentis
842 3502 1048 3579 alacritatem,
1078 3506 1254 3585 praesertIm
1293 3507 1327 3570 in

374 3604 505 3665 bomine
520 3604 613 3666 variis
628 3604 891 3687 occupationibus
906 3603 1028 3681 dedito,
1042 3604 1207 3669 miraculis
1229 3610 1326 3672 ascri·

373 3701 500 3763 bebant.
548 3700 602 3763 Sic
625 3702 710 3763 anim
732 3703 842 3766 nutrix
864 3705 964 3784 gratia
989 3706 1128 3768 firtumm
1153 3727 1326 3793 proseque-

373 3801 466 3863 batur
494 3799 679 3873 antistitem,
705 3813 740 3863 ut
769 3799 797 3862 ei
827 3803 860 3864 in
891 3804 1115 3867 collationibus
1145 3821 1202 3868 aut
1232 3829 1327 3872 cursu

372 3901 538 3979 sermonis,
553 3913 588 3964 ut
601 3900 666 3962 dici
687 3902 779 3979 solet,
793 3902 835 3965 ad
860 3925 989 3967 manum
1010 3907 1191 3970 necessaria
1215 3909 1325 3973 minis-

373 4019 476 4068 traret.

414 4108 465 4170 Ab
487 4107 616 4170 ineunte
639 4118 743 4169 autem
767 4117 868 4184 aetate,
883 4106 968 4170 sicut
989 4107 1103 4172 referre
1125 4111 1239 4175 solitus
1261 4124 1323 4187 est,

371 4209 485 4273 didicit
501 4223 632 4272 amatre
648 4211 793 4272 timorem
809 4209 950 4283 Domini,
962 4222 994 4272 et
1008 4210 1134 4272 beatam
1152 4213 1215 4274 Dei
1231 4214 1322 4295 geni·

369 4295 480 4374 tricem
504 4311 650 4386 Mariam,
672 4323 824 4392 tanquam
847 4309 961 4373 ducem
985 4312 1106 4374 riarum
1130 4334 1269 4392 suarum,
1288 4328 1322 4379 et

369 4416 438 4484 rita
465 4424 643 4498 patronam,
670 4415 795 4481 dulcius
825 4415 983 4493 invocare,
1009 4427 1042 4478 et
1067 4416 1098 4478 in
1126 4418 1213 4482 illam
1245 4430 1320 4508 post
