<?xml version="1.0" encoding="UTF-8"?>
<!DOCTYPE html PUBLIC "-//W3C//DTD XHTML 1.0 Transitional//EN"
    "http://www.w3.org/TR/xhtml1/DTD/xhtml1-transitional.dtd">
<html xmlns="http://www.w3.org/1999/xhtml" xml:lang="en" lang="en">
 <head>
  <title>
</title>
<meta http-equiv="Content-Type" content="text/html;charset=utf-8" />
  <meta name='ocr-system' content='tesseract 3.04.00' />
  <meta name='ocr-capabilities' content='ocr_page ocr_carea ocr_par ocr_line ocrx_word'/>
</head>
<body>
  <div class='ocr_page' id='page_1' title='image "./joannissaresber15johngoog_0182.png"; bbox 0 0 2992 5592; ppageno 0'>
   <div class='ocr_carea' id='block_1_1' title="bbox 278 781 1232 862">
    <p class='ocr_par' dir='ltr' id='par_1_1' title="bbox 278 781 1232 862">
     <span class='ocr_line' id='line_1_1' title="bbox 278 781 1232 862; baseline -0.006 -11"><span class='ocrx_word' id='word_1_1' title='bbox 278 790 340 851; x_wconf 83' lang='grc'>168</span> <span class='ocrx_word' id='word_1_2' title='bbox 536 804 674 849; x_wconf 74' lang='lat' dir='ltr'>ioannis</span> <span class='ocrx_word' id='word_1_3' title='bbox 690 800 965 847; x_wconf 74' lang='lat' dir='ltr'>sanasnnmanns</span> <span class='ocrx_word' id='word_1_4' title='bbox 1086 781 1172 862; x_wconf 81' lang='lat' dir='ltr'>[arn.</span> <span class='ocrx_word' id='word_1_5' title='bbox 1189 802 1232 847; x_wconf 79' lang='lat' dir='ltr'>tv.</span> 
     </span>
    </p>
   </div>
   <div class='ocr_carea' id='block_1_2' title="bbox 276 950 1234 1349">
    <p class='ocr_par' dir='ltr' id='par_1_2' title="bbox 276 950 1234 1349">
     <span class='ocr_line' id='line_1_2' title="bbox 277 950 1232 1042; baseline -0.001 -23"><span class='ocrx_word' id='word_1_6' title='bbox 277 955 408 1019; x_wconf 91' lang='lat' dir='ltr'>modum</span> <span class='ocrx_word' id='word_1_7' title='bbox 423 978 464 1020; x_wconf 85' lang='lat' dir='ltr'>ex</span> <span class='ocrx_word' id='word_1_8' title='bbox 481 979 574 1019; x_wconf 83' lang='lat' dir='ltr'>sensu</span> <span class='ocrx_word' id='word_1_9' title='bbox 587 953 778 1042; x_wconf 80' lang='lat' dir='ltr'>proveniunt</span> <span class='ocrx_word' id='word_1_10' title='bbox 790 967 916 1033; x_wconf 77' lang='lat' dir='ltr'>caetera,</span> <span class='ocrx_word' id='word_1_11' title='bbox 927 974 984 1038; x_wconf 90' lang='lat' dir='ltr'>per</span> <span class='ocrx_word' id='word_1_12' title='bbox 996 950 1232 1038; x_wconf 82' lang='lat' dir='ltr'>imaginationis</span> 
     </span>
     <span class='ocr_line' id='line_1_3' title="bbox 276 1053 1234 1145; baseline -0.006 -21"><span class='ocrx_word' id='word_1_13' title='bbox 276 1081 387 1144; x_wconf 87' lang='lat' dir='ltr'>opem:</span> <span class='ocrx_word' id='word_1_14' title='bbox 419 1072 456 1122; x_wconf 87' lang='lat' dir='ltr'>ut</span> <span class='ocrx_word' id='word_1_15' title='bbox 471 1080 571 1136; x_wconf 87' lang='lat' dir='ltr'>amor,</span> <span class='ocrx_word' id='word_1_16' title='bbox 587 1056 644 1145; x_wconf 90' lang='lat' dir='ltr'>qui</span> <span class='ocrx_word' id='word_1_17' title='bbox 659 1057 700 1121; x_wconf 88' lang='lat' dir='ltr'>ad</span> <span class='ocrx_word' id='word_1_18' title='bbox 718 1054 852 1121; x_wconf 89' lang='lat' dir='ltr'>tutelam</span> <span class='ocrx_word' id='word_1_19' title='bbox 868 1053 1019 1139; x_wconf 87' lang='lat' dir='ltr'>corporis,</span> <span class='ocrx_word' id='word_1_20' title='bbox 1036 1055 1086 1118; x_wconf 90' lang='lat' dir='ltr'>vel</span> <span class='ocrx_word' id='word_1_21' title='bbox 1103 1054 1144 1121; x_wconf 87' lang='lat' dir='ltr'>ad</span> <span class='ocrx_word' id='word_1_22' title='bbox 1163 1079 1234 1119; x_wconf 91' lang='lat' dir='ltr'>con·</span> 
     </span>
     <span class='ocr_line' id='line_1_4' title="bbox 276 1157 1231 1245; baseline -0.005 -19"><span class='ocrx_word' id='word_1_23' title='bbox 276 1159 483 1226; x_wconf 80' lang='lat' dir='ltr'>servationem</span> <span class='ocrx_word' id='word_1_24' title='bbox 493 1158 631 1238; x_wconf 90' lang='lat' dir='ltr'>utilium,</span> <span class='ocrx_word' id='word_1_25' title='bbox 640 1158 690 1223; x_wconf 86' lang='lat' dir='ltr'>vel</span> <span class='ocrx_word' id='word_1_26' title='bbox 699 1157 739 1222; x_wconf 91' lang='lat' dir='ltr'>ad</span> <span class='ocrx_word' id='word_1_27' title='bbox 752 1157 982 1245; x_wconf 81' lang='lat' dir='ltr'>procurandam</span> <span class='ocrx_word' id='word_1_28' title='bbox 993 1159 1231 1236; x_wconf 84' lang='lat' dir='ltr'>successionem,</span> 
     </span>
     <span class='ocr_line' id='line_1_5' title="bbox 276 1262 627 1349; baseline -0.009 -23"><span class='ocrx_word' id='word_1_29' title='bbox 276 1262 449 1349; x_wconf 90' lang='lat' dir='ltr'>plurimum</span> <span class='ocrx_word' id='word_1_30' title='bbox 465 1272 627 1347; x_wconf 87' lang='lat' dir='ltr'>operatur.</span> 
     </span>
    </p>
   </div>
   <div class='ocr_carea' id='block_1_3' title="bbox 278 1447 1232 1736">
    <p class='ocr_par' dir='ltr' id='par_1_3' title="bbox 278 1447 1232 1736">
     <span class='ocr_line' id='line_1_6' title="bbox 278 1447 1232 1534; baseline -0.004 -21"><span class='ocrx_word' id='word_1_31' title='bbox 278 1451 359 1534; x_wconf 85' lang='lat' dir='ltr'>Cap.</span> <span class='ocrx_word' id='word_1_32' title='bbox 379 1454 428 1512; x_wconf 90' lang='lat' dir='ltr'>ll.</span> <span class='ocrx_word' id='word_1_33' title='bbox 455 1449 542 1524; x_wconf 83' lang='lat' dir='ltr'>Quid</span> <span class='ocrx_word' id='word_1_34' title='bbox 555 1450 768 1530; x_wconf 60' lang='lat' dir='ltr'>imaginaria·</span> <span class='ocrx_word' id='word_1_35' title='bbox 792 1452 823 1509; x_wconf 80' lang='lat' dir='ltr'>et</span> <span class='ocrx_word' id='word_1_36' title='bbox 837 1447 876 1508; x_wconf 86' lang='lat' dir='ltr'>de</span> <span class='ocrx_word' id='word_1_37' title='bbox 889 1448 1042 1528; x_wconf 82' lang='lat' dir='ltr'>opinione</span> <span class='ocrx_word' id='word_1_38' title='bbox 1055 1449 1232 1531; x_wconf 79' lang='lat' dir='ltr'>otsallocia</span> 
     </span>
     <span class='ocr_line' id='line_1_7' title="bbox 320 1549 1231 1633; baseline -0.003 -21"><span class='ocrx_word' id='word_1_39' title='bbox 320 1552 491 1633; x_wconf 75' lang='lat' dir='ltr'>opinionis,</span> <span class='ocrx_word' id='word_1_40' title='bbox 512 1557 542 1614; x_wconf 76' lang='lat' dir='ltr'>ci</span> <span class='ocrx_word' id='word_1_41' title='bbox 563 1571 697 1614; x_wconf 81' lang='lat' dir='ltr'>sensns:</span> <span class='ocrx_word' id='word_1_42' title='bbox 727 1556 759 1613; x_wconf 83' lang='lat' dir='ltr'>et</span> <span class='ocrx_word' id='word_1_43' title='bbox 781 1551 821 1612; x_wconf 85' lang='lat' dir='ltr'>de</span> <span class='ocrx_word' id='word_1_44' title='bbox 841 1555 913 1611; x_wconf 83' lang='lat' dir='ltr'>ortu</span> <span class='ocrx_word' id='word_1_45' title='bbox 933 1549 1116 1630; x_wconf 72' lang='lat' dir='ltr'>phronesis,</span> <span class='ocrx_word' id='word_1_46' title='bbox 1138 1569 1231 1630; x_wconf 84' lang='lat' dir='ltr'>quam</span> 
     </span>
     <span class='ocr_line' id='line_1_8' title="bbox 320 1655 831 1736; baseline -0.004 -20"><span class='ocrx_word' id='word_1_47' title='bbox 320 1675 378 1717; x_wconf 82' lang='lat' dir='ltr'>nos</span> <span class='ocrx_word' id='word_1_48' title='bbox 389 1655 600 1736; x_wconf 83' lang='lat' dir='ltr'>prudentiam</span> <span class='ocrx_word' id='word_1_49' title='bbox 616 1655 831 1715; x_wconf 81' lang='lat' dir='ltr'>nominamus.</span> 
     </span>
    </p>
   </div>
   <div class='ocr_carea' id='block_1_4' title="bbox 277 1766 1232 2061">
    <p class='ocr_par' dir='ltr' id='par_1_4' title="bbox 277 1766 1232 2061">
     <span class='ocr_line' id='line_1_9' title="bbox 320 1766 1229 1856; baseline -0.003 -21"><span class='ocrx_word' id='word_1_50' title='bbox 320 1773 391 1836; x_wconf 80' lang='lat' dir='ltr'>Esr</span> <span class='ocrx_word' id='word_1_51' title='bbox 407 1794 484 1856; x_wconf 89' lang='lat' dir='ltr'>ergo</span> <span class='ocrx_word' id='word_1_52' title='bbox 498 1769 691 1855; x_wconf 82' lang='lat' dir='ltr'>imaginatio,</span> <span class='ocrx_word' id='word_1_53' title='bbox 706 1769 830 1855; x_wconf 90' lang='lat' dir='ltr'>primus</span> <span class='ocrx_word' id='word_1_54' title='bbox 850 1781 956 1832; x_wconf 87' lang='lat' dir='ltr'>motus</span> <span class='ocrx_word' id='word_1_55' title='bbox 970 1766 1098 1842; x_wconf 77' lang='lat' dir='ltr'>anima,</span> <span class='ocrx_word' id='word_1_56' title='bbox 1113 1768 1229 1832; x_wconf 84' lang='lat' dir='ltr'>extrin-</span> 
     </span>
     <span class='ocr_line' id='line_1_10' title="bbox 278 1869 1232 1959; baseline -0.001 -23"><span class='ocrx_word' id='word_1_57' title='bbox 278 1894 368 1938; x_wconf 83' lang='lat' dir='ltr'>secus</span> <span class='ocrx_word' id='word_1_58' title='bbox 384 1873 527 1956; x_wconf 72' lang='lat' dir='ltr'>pulsatae,</span> <span class='ocrx_word' id='word_1_59' title='bbox 544 1896 611 1959; x_wconf 90' lang='lat' dir='ltr'>quo</span> <span class='ocrx_word' id='word_1_60' title='bbox 626 1871 799 1936; x_wconf 91' lang='lat' dir='ltr'>secundum</span> <span class='ocrx_word' id='word_1_61' title='bbox 816 1869 1163 1955; x_wconf 87' lang='lat' dir='ltr'>exerceturjudicium,</span> <span class='ocrx_word' id='word_1_62' title='bbox 1177 1884 1232 1935; x_wconf 89' lang='lat' dir='ltr'>aut</span> 
     </span>
     <span class='ocr_line' id='line_1_11' title="bbox 277 1971 1230 2061; baseline -0.001 -23"><span class='ocrx_word' id='word_1_63' title='bbox 277 1999 334 2061; x_wconf 88' lang='lat' dir='ltr'>per</span> <span class='ocrx_word' id='word_1_64' title='bbox 349 1975 597 2038; x_wconf 82' lang='lat' dir='ltr'>recordationem</span> <span class='ocrx_word' id='word_1_65' title='bbox 614 1974 697 2038; x_wconf 88' lang='lat' dir='ltr'>redit</span> <span class='ocrx_word' id='word_1_66' title='bbox 720 1973 869 2059; x_wconf 90' lang='lat' dir='ltr'>primum.</span> <span class='ocrx_word' id='word_1_67' title='bbox 918 1971 1058 2035; x_wconf 89' lang='lat' dir='ltr'>Primum</span> <span class='ocrx_word' id='word_1_68' title='bbox 1075 1973 1157 2035; x_wconf 89' lang='lat' dir='ltr'>enim</span> <span class='ocrx_word' id='word_1_69' title='bbox 1176 1975 1230 2058; x_wconf 92' lang='lat' dir='ltr'>ju-</span> 
     </span>
    </p>
   </div>
   <div class='ocr_carea' id='block_1_5' title="bbox 266 2071 1231 4302">
    <p class='ocr_par' dir='ltr' id='par_1_5' title="bbox 266 2071 1231 4302">
     <span class='ocr_line' id='line_1_12' title="bbox 276 2071 1230 2159; baseline -0.004 -19"><span class='ocrx_word' id='word_1_70' title='bbox 276 2076 395 2140; x_wconf 92' lang='lat' dir='ltr'>dicium</span> <span class='ocrx_word' id='word_1_71' title='bbox 406 2075 493 2158; x_wconf 89' lang='lat' dir='ltr'>viget</span> <span class='ocrx_word' id='word_1_72' title='bbox 504 2074 535 2138; x_wconf 91' lang='lat' dir='ltr'>in</span> <span class='ocrx_word' id='word_1_73' title='bbox 549 2097 654 2150; x_wconf 88' lang='lat' dir='ltr'>sensu,</span> <span class='ocrx_word' id='word_1_74' title='bbox 665 2072 743 2137; x_wconf 91' lang='lat' dir='ltr'>dum</span> <span class='ocrx_word' id='word_1_75' title='bbox 756 2071 879 2159; x_wconf 91' lang='lat' dir='ltr'>aliquid</span> <span class='ocrx_word' id='word_1_76' title='bbox 892 2073 1013 2147; x_wconf 86' lang='lat' dir='ltr'>album,</span> <span class='ocrx_word' id='word_1_77' title='bbox 1023 2085 1077 2136; x_wconf 90' lang='lat' dir='ltr'>aut</span> <span class='ocrx_word' id='word_1_78' title='bbox 1091 2074 1230 2158; x_wconf 89' lang='lat' dir='ltr'>nigrum,</span> 
     </span>
     <span class='ocr_line' id='line_1_13' title="bbox 275 2171 1228 2260; baseline -0.002 -21"><span class='ocrx_word' id='word_1_79' title='bbox 275 2189 332 2239; x_wconf 91' lang='lat' dir='ltr'>aut</span> <span class='ocrx_word' id='word_1_80' title='bbox 353 2174 491 2240; x_wconf 91' lang='lat' dir='ltr'>calidum</span> <span class='ocrx_word' id='word_1_81' title='bbox 513 2188 571 2240; x_wconf 92' lang='lat' dir='ltr'>aut</span> <span class='ocrx_word' id='word_1_82' title='bbox 593 2174 760 2260; x_wconf 81' lang='lat' dir='ltr'>frigidum,</span> <span class='ocrx_word' id='word_1_83' title='bbox 775 2197 843 2239; x_wconf 88' lang='lat' dir='ltr'>esse</span> <span class='ocrx_word' id='word_1_84' title='bbox 865 2171 1062 2254; x_wconf 81' lang='lat' dir='ltr'>pronunciat.</span> <span class='ocrx_word' id='word_1_85' title='bbox 1110 2174 1228 2237; x_wconf 91' lang='lat' dir='ltr'>Secun-</span> 
     </span>
     <span class='ocr_line' id='line_1_14' title="bbox 275 2273 1229 2363; baseline 0 -22"><span class='ocrx_word' id='word_1_86' title='bbox 275 2277 352 2341; x_wconf 92' lang='lat' dir='ltr'>dum</span> <span class='ocrx_word' id='word_1_87' title='bbox 379 2300 455 2340; x_wconf 87' lang='lat' dir='ltr'>vero</span> <span class='ocrx_word' id='word_1_88' title='bbox 477 2276 712 2361; x_wconf 81' lang='lat' dir='ltr'>imaginationis</span> <span class='ocrx_word' id='word_1_89' title='bbox 730 2289 798 2341; x_wconf 88' lang='lat' dir='ltr'>est:</span> <span class='ocrx_word' id='word_1_90' title='bbox 831 2290 868 2340; x_wconf 95' lang='lat' dir='ltr'>ut</span> <span class='ocrx_word' id='word_1_91' title='bbox 890 2298 992 2362; x_wconf 91' lang='lat' dir='ltr'>quum</span> <span class='ocrx_word' id='word_1_92' title='bbox 1014 2273 1136 2361; x_wconf 90' lang='lat' dir='ltr'>aliquid</span> <span class='ocrx_word' id='word_1_93' title='bbox 1161 2301 1229 2363; x_wconf 90' lang='lat' dir='ltr'>per·</span> 
     </span>
     <span class='ocr_line' id='line_1_15' title="bbox 272 2377 1230 2466; baseline 0.001 -23"><span class='ocrx_word' id='word_1_94' title='bbox 272 2394 447 2466; x_wconf 88' lang='lat' dir='ltr'>ceptorum,</span> <span class='ocrx_word' id='word_1_95' title='bbox 469 2392 591 2444; x_wconf 81' lang='lat' dir='ltr'>retenta</span> <span class='ocrx_word' id='word_1_96' title='bbox 618 2379 767 2464; x_wconf 79' lang='lat' dir='ltr'>imagine,</span> <span class='ocrx_word' id='word_1_97' title='bbox 791 2379 854 2444; x_wconf 87' lang='lat' dir='ltr'>talc</span> <span class='ocrx_word' id='word_1_98' title='bbox 880 2378 929 2442; x_wconf 89' lang='lat' dir='ltr'>vel</span> <span class='ocrx_word' id='word_1_99' title='bbox 957 2377 1020 2442; x_wconf 87' lang='lat' dir='ltr'>tale</span> <span class='ocrx_word' id='word_1_100' title='bbox 1045 2379 1167 2456; x_wconf 88' lang='lat' dir='ltr'>asserit,</span> <span class='ocrx_word' id='word_1_101' title='bbox 1190 2380 1230 2444; x_wconf 89' lang='lat' dir='ltr'>de</span> 
     </span>
     <span class='ocr_line' id='line_1_16' title="bbox 273 2478 1230 2567; baseline 0.002 -23"><span class='ocrx_word' id='word_1_102' title='bbox 273 2480 386 2546; x_wconf 85' lang='lat' dir='ltr'>futuro</span> <span class='ocrx_word' id='word_1_103' title='bbox 403 2478 563 2567; x_wconf 88' lang='lat' dir='ltr'>judicans,</span> <span class='ocrx_word' id='word_1_104' title='bbox 579 2484 628 2545; x_wconf 86' lang='lat' dir='ltr'>vel</span> <span class='ocrx_word' id='word_1_105' title='bbox 644 2497 777 2545; x_wconf 90' lang='lat' dir='ltr'>remoto.</span> <span class='ocrx_word' id='word_1_106' title='bbox 824 2483 896 2545; x_wconf 93' lang='lat' dir='ltr'>Hoc</span> <span class='ocrx_word' id='word_1_107' title='bbox 915 2492 1022 2544; x_wconf 84' lang='lat' dir='ltr'>autem</span> <span class='ocrx_word' id='word_1_108' title='bbox 1045 2481 1230 2546; x_wconf 87' lang='lat' dir='ltr'>alterutrius</span> 
     </span>
     <span class='ocr_line' id='line_1_17' title="bbox 269 2581 1229 2670; baseline 0.003 -24"><span class='ocrx_word' id='word_1_109' title='bbox 269 2581 427 2670; x_wconf 87' lang='lat' dir='ltr'>judicium</span> <span class='ocrx_word' id='word_1_110' title='bbox 443 2586 552 2666; x_wconf 85' lang='lat' dir='ltr'>opinio</span> <span class='ocrx_word' id='word_1_111' title='bbox 566 2581 760 2670; x_wconf 88' lang='lat' dir='ltr'>appellatur.</span> <span class='ocrx_word' id='word_1_112' title='bbox 806 2586 851 2647; x_wconf 88' lang='lat' dir='ltr'>Et</span> <span class='ocrx_word' id='word_1_113' title='bbox 874 2597 921 2647; x_wconf 91' lang='lat' dir='ltr'>est</span> <span class='ocrx_word' id='word_1_114' title='bbox 944 2582 1074 2667; x_wconf 84' lang='lat' dir='ltr'>quidem</span> <span class='ocrx_word' id='word_1_115' title='bbox 1090 2598 1188 2661; x_wconf 87' lang='lat' dir='ltr'>carta,</span> <span class='ocrx_word' id='word_1_116' title='bbox 1204 2585 1229 2649; x_wconf 93' lang='lat' dir='ltr'>si</span> 
     </span>
     <span class='ocr_line' id='line_1_18' title="bbox 275 2684 1230 2771; baseline 0.002 -23"><span class='ocrx_word' id='word_1_117' title='bbox 275 2698 372 2771; x_wconf 91' lang='lat' dir='ltr'>prout</span> <span class='ocrx_word' id='word_1_118' title='bbox 395 2709 428 2749; x_wconf 90' lang='lat' dir='ltr'>se</span> <span class='ocrx_word' id='word_1_119' title='bbox 449 2685 582 2762; x_wconf 90' lang='lat' dir='ltr'>habent,</span> <span class='ocrx_word' id='word_1_120' title='bbox 604 2685 645 2749; x_wconf 88' lang='lat' dir='ltr'>de</span> <span class='ocrx_word' id='word_1_121' title='bbox 666 2685 763 2748; x_wconf 88' lang='lat' dir='ltr'>rebus</span> <span class='ocrx_word' id='word_1_122' title='bbox 784 2684 921 2771; x_wconf 86' lang='lat' dir='ltr'>judicat.</span> <span class='ocrx_word' id='word_1_123' title='bbox 969 2684 1001 2748; x_wconf 89' lang='lat' dir='ltr'>Si</span> <span class='ocrx_word' id='word_1_124' title='bbox 1026 2707 1102 2749; x_wconf 89' lang='lat' dir='ltr'>vero</span> <span class='ocrx_word' id='word_1_125' title='bbox 1127 2685 1230 2764; x_wconf 83' lang='lat' dir='ltr'>aliter,</span> 
     </span>
     <span class='ocr_line' id='line_1_19' title="bbox 274 2785 1229 2865; baseline 0.003 -15"><span class='ocrx_word' id='word_1_126' title='bbox 274 2785 420 2852; x_wconf 87' lang='lat' dir='ltr'>infidelis.</span> <span class='ocrx_word' id='word_1_127' title='bbox 477 2789 572 2852; x_wconf 89' lang='lat' dir='ltr'>Hanc</span> <span class='ocrx_word' id='word_1_128' title='bbox 601 2799 708 2852; x_wconf 88' lang='lat' dir='ltr'>autem</span> <span class='ocrx_word' id='word_1_129' title='bbox 739 2787 851 2851; x_wconf 87' lang='lat' dir='ltr'>asserit</span> <span class='ocrx_word' id='word_1_130' title='bbox 882 2786 1087 2865; x_wconf 85' lang='lat' dir='ltr'>Aristoteles,</span> <span class='ocrx_word' id='word_1_131' title='bbox 1116 2789 1229 2853; x_wconf 84' lang='lat' dir='ltr'>animae</span> 
     </span>
     <span class='ocr_line' id='line_1_20' title="bbox 273 2889 1229 2976; baseline 0.002 -24"><span class='ocrx_word' id='word_1_132' title='bbox 273 2889 469 2975; x_wconf 81' lang='lat' dir='ltr'>passionem:</span> <span class='ocrx_word' id='word_1_133' title='bbox 501 2889 640 2976; x_wconf 89' lang='lat' dir='ltr'>eoquod</span> <span class='ocrx_word' id='word_1_134' title='bbox 657 2889 734 2954; x_wconf 92' lang='lat' dir='ltr'>dum</span> <span class='ocrx_word' id='word_1_135' title='bbox 751 2902 930 2963; x_wconf 85' lang='lat' dir='ltr'>exercetur,</span> <span class='ocrx_word' id='word_1_136' title='bbox 947 2910 1053 2952; x_wconf 88' lang='lat' dir='ltr'>rerum</span> <span class='ocrx_word' id='word_1_137' title='bbox 1077 2889 1229 2975; x_wconf 79' lang='lat' dir='ltr'>imagines</span> 
     </span>
     <span class='ocr_line' id='line_1_21' title="bbox 272 2990 1230 3080; baseline 0.001 -26"><span class='ocrx_word' id='word_1_138' title='bbox 272 2991 387 3055; x_wconf 83' lang='lat' dir='ltr'>animae</span> <span class='ocrx_word' id='word_1_139' title='bbox 402 2992 637 3079; x_wconf 88' lang='lat' dir='ltr'>imprimantur.</span> <span class='ocrx_word' id='word_1_140' title='bbox 682 2991 776 3069; x_wconf 87' lang='lat' dir='ltr'>Quod</span> <span class='ocrx_word' id='word_1_141' title='bbox 794 2992 819 3055; x_wconf 84' lang='lat' dir='ltr'>si</span> <span class='ocrx_word' id='word_1_142' title='bbox 839 3013 903 3055; x_wconf 90' lang='lat' dir='ltr'>una</span> <span class='ocrx_word' id='word_1_143' title='bbox 925 3012 984 3076; x_wconf 91' lang='lat' dir='ltr'>pro</span> <span class='ocrx_word' id='word_1_144' title='bbox 999 2990 1101 3055; x_wconf 88' lang='lat' dir='ltr'>altera</span> <span class='ocrx_word' id='word_1_145' title='bbox 1122 2993 1230 3080; x_wconf 87' lang='lat' dir='ltr'>impri-</span> 
     </span>
     <span class='ocr_line' id='line_1_22' title="bbox 273 3092 1230 3180; baseline 0.003 -24"><span class='ocrx_word' id='word_1_146' title='bbox 273 3113 389 3168; x_wconf 87' lang='lat' dir='ltr'>matur,</span> <span class='ocrx_word' id='word_1_147' title='bbox 407 3117 466 3180; x_wconf 90' lang='lat' dir='ltr'>pro</span> <span class='ocrx_word' id='word_1_148' title='bbox 488 3117 603 3164; x_wconf 82' lang='lat' dir='ltr'>errore.</span> <span class='ocrx_word' id='word_1_149' title='bbox 619 3117 684 3179; x_wconf 90' lang='lat' dir='ltr'>quo</span> <span class='ocrx_word' id='word_1_150' title='bbox 705 3093 828 3158; x_wconf 86' lang='lat' dir='ltr'>fallitur</span> <span class='ocrx_word' id='word_1_151' title='bbox 850 3092 1037 3178; x_wconf 90' lang='lat' dir='ltr'>injudicio,</span> <span class='ocrx_word' id='word_1_152' title='bbox 1059 3093 1156 3159; x_wconf 81' lang='lat' dir='ltr'>fallax</span> <span class='ocrx_word' id='word_1_153' title='bbox 1181 3094 1230 3159; x_wconf 80' lang='lat' dir='ltr'>vel</span> 
     </span>
     <span class='ocr_line' id='line_1_23' title="bbox 272 3193 1231 3282; baseline 0.003 -23"><span class='ocrx_word' id='word_1_154' title='bbox 272 3195 353 3260; x_wconf 86' lang='lat' dir='ltr'>falsa</span> <span class='ocrx_word' id='word_1_155' title='bbox 380 3196 490 3282; x_wconf 91' lang='lat' dir='ltr'>opinio</span> <span class='ocrx_word' id='word_1_156' title='bbox 520 3196 712 3261; x_wconf 85' lang='lat' dir='ltr'>nominatur.</span> <span class='ocrx_word' id='word_1_157' title='bbox 766 3199 849 3261; x_wconf 91' lang='lat' dir='ltr'>Nam</span> <span class='ocrx_word' id='word_1_158' title='bbox 877 3193 1050 3280; x_wconf 80' lang='lat' dir='ltr'>saepissime</span> <span class='ocrx_word' id='word_1_159' title='bbox 1077 3196 1231 3263; x_wconf 81' lang='lat' dir='ltr'>falluntur</span> 
     </span>
     <span class='ocr_line' id='line_1_24' title="bbox 272 3297 1230 3383; baseline 0.003 -23"><span class='ocrx_word' id='word_1_160' title='bbox 272 3320 391 3375; x_wconf 85' lang='lat' dir='ltr'>sensus,</span> <span class='ocrx_word' id='word_1_161' title='bbox 401 3320 464 3361; x_wconf 92' lang='lat' dir='ltr'>non</span> <span class='ocrx_word' id='word_1_162' title='bbox 481 3299 576 3362; x_wconf 94' lang='lat' dir='ltr'>modo</span> <span class='ocrx_word' id='word_1_163' title='bbox 590 3299 623 3361; x_wconf 90' lang='lat' dir='ltr'>in</span> <span class='ocrx_word' id='word_1_164' title='bbox 639 3297 791 3383; x_wconf 84' lang='lat' dir='ltr'>parvulis,</span> <span class='ocrx_word' id='word_1_165' title='bbox 804 3297 860 3361; x_wconf 92' lang='lat' dir='ltr'>ubi</span> <span class='ocrx_word' id='word_1_166' title='bbox 875 3298 957 3361; x_wconf 89' lang='lat' dir='ltr'>ratio</span> <span class='ocrx_word' id='word_1_167' title='bbox 968 3310 1101 3380; x_wconf 85' lang='lat' dir='ltr'>putatur</span> <span class='ocrx_word' id='word_1_168' title='bbox 1115 3300 1230 3375; x_wconf 89' lang='lat' dir='ltr'>otiosa,</span> 
     </span>
     <span class='ocr_line' id='line_1_25' title="bbox 273 3398 1231 3484; baseline 0.003 -21"><span class='ocrx_word' id='word_1_169' title='bbox 273 3400 373 3464; x_wconf 86' lang='lat' dir='ltr'>sedet</span> <span class='ocrx_word' id='word_1_170' title='bbox 386 3400 417 3463; x_wconf 90' lang='lat' dir='ltr'>in</span> <span class='ocrx_word' id='word_1_171' title='bbox 430 3413 581 3484; x_wconf 81' lang='lat' dir='ltr'>provecta</span> <span class='ocrx_word' id='word_1_172' title='bbox 592 3414 698 3466; x_wconf 78' lang='lat' dir='ltr'>aetate.</span> <span class='ocrx_word' id='word_1_173' title='bbox 717 3399 811 3479; x_wconf 87' lang='lat' dir='ltr'>Quod</span> <span class='ocrx_word' id='word_1_174' title='bbox 820 3398 1004 3465; x_wconf 86' lang='lat' dir='ltr'>Aristotcles</span> <span class='ocrx_word' id='word_1_175' title='bbox 1015 3399 1231 3478; x_wconf 86' lang='lat' dir='ltr'>docens,dicit</span> 
     </span>
     <span class='ocr_line' id='line_1_26' title="bbox 269 3502 1228 3589; baseline 0.006 -25"><span class='ocrx_word' id='word_1_176' title='bbox 269 3524 308 3564; x_wconf 83' lang='lat' dir='ltr'>cx</span> <span class='ocrx_word' id='word_1_177' title='bbox 325 3524 363 3563; x_wconf 89' lang='lat' dir='ltr'>eo</span> <span class='ocrx_word' id='word_1_178' title='bbox 377 3503 561 3587; x_wconf 88' lang='lat' dir='ltr'>contingere</span> <span class='ocrx_word' id='word_1_179' title='bbox 577 3503 728 3567; x_wconf 85' lang='lat' dir='ltr'>lactentes</span> <span class='ocrx_word' id='word_1_180' title='bbox 742 3525 852 3567; x_wconf 86' lang='lat' dir='ltr'>omnes</span> <span class='ocrx_word' id='word_1_181' title='bbox 868 3502 951 3566; x_wconf 88' lang='lat' dir='ltr'>viros</span> <span class='ocrx_word' id='word_1_182' title='bbox 972 3518 1087 3588; x_wconf 89' lang='lat' dir='ltr'>putare</span> <span class='ocrx_word' id='word_1_183' title='bbox 1110 3520 1228 3589; x_wconf 85' lang='lat' dir='ltr'>patres,</span> 
     </span>
     <span class='ocr_line' id='line_1_27' title="bbox 270 3600 1228 3689; baseline 0.006 -25"><span class='ocrx_word' id='word_1_184' title='bbox 270 3600 416 3664; x_wconf 85' lang='lat' dir='ltr'>foeminas</span> <span class='ocrx_word' id='word_1_185' title='bbox 438 3618 557 3682; x_wconf 84' lang='lat' dir='ltr'>autem,</span> <span class='ocrx_word' id='word_1_186' title='bbox 581 3618 709 3680; x_wconf 84' lang='lat' dir='ltr'>matres,</span> <span class='ocrx_word' id='word_1_187' title='bbox 733 3602 820 3689; x_wconf 93' lang='lat' dir='ltr'>quod</span> <span class='ocrx_word' id='word_1_188' title='bbox 846 3625 956 3666; x_wconf 89' lang='lat' dir='ltr'>sensus</span> <span class='ocrx_word' id='word_1_189' title='bbox 978 3603 1069 3666; x_wconf 90' lang='lat' dir='ltr'>rudis</span> <span class='ocrx_word' id='word_1_190' title='bbox 1091 3604 1228 3682; x_wconf 81' lang='lat' dir='ltr'>fallitur,</span> 
     </span>
     <span class='ocr_line' id='line_1_28' title="bbox 269 3702 1227 3790; baseline 0.004 -24"><span class='ocrx_word' id='word_1_191' title='bbox 269 3725 326 3766; x_wconf 88' lang='lat' dir='ltr'>nec</span> <span class='ocrx_word' id='word_1_192' title='bbox 348 3702 475 3768; x_wconf 86' lang='lat' dir='ltr'>firmum</span> <span class='ocrx_word' id='word_1_193' title='bbox 499 3719 604 3788; x_wconf 87' lang='lat' dir='ltr'>potest</span> <span class='ocrx_word' id='word_1_194' title='bbox 626 3704 739 3767; x_wconf 85' lang='lat' dir='ltr'>afferre</span> <span class='ocrx_word' id='word_1_195' title='bbox 757 3704 929 3790; x_wconf 88' lang='lat' dir='ltr'>judicium.</span> <span class='ocrx_word' id='word_1_196' title='bbox 974 3705 1118 3770; x_wconf 89' lang='lat' dir='ltr'>Baculus</span> <span class='ocrx_word' id='word_1_197' title='bbox 1141 3728 1227 3785; x_wconf 86' lang='lat' dir='ltr'>vero,</span> 
     </span>
     <span class='ocr_line' id='line_1_29' title="bbox 268 3803 1226 3892; baseline 0.006 -24"><span class='ocrx_word' id='word_1_198' title='bbox 268 3805 300 3868; x_wconf 90' lang='lat' dir='ltr'>in</span> <span class='ocrx_word' id='word_1_199' title='bbox 326 3826 411 3890; x_wconf 84' lang='lat' dir='ltr'>aqua</span> <span class='ocrx_word' id='word_1_200' title='bbox 432 3803 555 3869; x_wconf 88' lang='lat' dir='ltr'>fractus</span> <span class='ocrx_word' id='word_1_201' title='bbox 578 3804 706 3868; x_wconf 89' lang='lat' dir='ltr'>videtur</span> <span class='ocrx_word' id='word_1_202' title='bbox 728 3806 823 3870; x_wconf 88' lang='lat' dir='ltr'>etiam</span> <span class='ocrx_word' id='word_1_203' title='bbox 847 3804 1136 3892; x_wconf 85' lang='lat' dir='ltr'>perspicacissimis.</span> <span class='ocrx_word' id='word_1_204' title='bbox 1182 3811 1226 3874; x_wconf 87' lang='lat' dir='ltr'>Et</span> 
     </span>
     <span class='ocr_line' id='line_1_30' title="bbox 268 3905 1226 3992; baseline 0.005 -21"><span class='ocrx_word' id='word_1_205' title='bbox 268 3906 343 3992; x_wconf 82' lang='lat' dir='ltr'>quia</span> <span class='ocrx_word' id='word_1_206' title='bbox 357 3927 505 3970; x_wconf 85' lang='lat' dir='ltr'>sensuum</span> <span class='ocrx_word' id='word_1_207' title='bbox 522 3905 678 3969; x_wconf 79' lang='lat' dir='ltr'>fallaciam</span> <span class='ocrx_word' id='word_1_208' title='bbox 694 3905 916 3992; x_wconf 89' lang='lat' dir='ltr'>deprehendit,</span> <span class='ocrx_word' id='word_1_209' title='bbox 928 3908 959 3971; x_wconf 91' lang='lat' dir='ltr'>in</span> <span class='ocrx_word' id='word_1_210' title='bbox 977 3928 1016 3970; x_wconf 82' lang='lat' dir='ltr'>oo</span> <span class='ocrx_word' id='word_1_211' title='bbox 1031 3910 1176 3992; x_wconf 79' lang='lat' dir='ltr'>agitatur</span> <span class='ocrx_word' id='word_1_212' title='bbox 1191 3924 1226 3976; x_wconf 90' lang='lat' dir='ltr'>ut</span> 
     </span>
     <span class='ocr_line' id='line_1_31' title="bbox 267 4006 1227 4092; baseline 0.004 -20"><span class='ocrx_word' id='word_1_213' title='bbox 267 4021 300 4072; x_wconf 84' lang='lat' dir='ltr'>et</span> <span class='ocrx_word' id='word_1_214' title='bbox 323 4006 417 4072; x_wconf 86' lang='lat' dir='ltr'>fidele</span> <span class='ocrx_word' id='word_1_215' title='bbox 439 4006 562 4092; x_wconf 89' lang='lat' dir='ltr'>aliquid</span> <span class='ocrx_word' id='word_1_216' title='bbox 591 4020 707 4086; x_wconf 82' lang='lat' dir='ltr'>teneat,</span> <span class='ocrx_word' id='word_1_217' title='bbox 730 4008 782 4071; x_wconf 90' lang='lat' dir='ltr'>cui</span> <span class='ocrx_word' id='word_1_218' title='bbox 810 4008 876 4072; x_wconf 88' lang='lat' dir='ltr'>sine</span> <span class='ocrx_word' id='word_1_219' title='bbox 901 4029 1006 4072; x_wconf 85' lang='lat' dir='ltr'>errore</span> <span class='ocrx_word' id='word_1_220' title='bbox 1032 4010 1227 4076; x_wconf 82' lang='lat' dir='ltr'>fiducialiter</span> 
     </span>
     <span class='ocr_line' id='line_1_32' title="bbox 267 4108 1224 4200; baseline 0.003 -25"><span class='ocrx_word' id='word_1_221' title='bbox 267 4111 365 4197; x_wconf 87' lang='lat' dir='ltr'>possit</span> <span class='ocrx_word' id='word_1_222' title='bbox 377 4108 481 4175; x_wconf 89' lang='lat' dir='ltr'>inniti.</span> <span class='ocrx_word' id='word_1_223' title='bbox 501 4120 504 4124; x_wconf 82' lang='grc'><strong>’</strong></span> <span class='ocrx_word' id='word_1_224' title='bbox 521 4110 576 4174; x_wconf 88' lang='lat' dir='ltr'>Ab</span> <span class='ocrx_word' id='word_1_225' title='bbox 591 4108 649 4172; x_wconf 89' lang='lat' dir='ltr'>hac</span> <span class='ocrx_word' id='word_1_226' title='bbox 662 4108 837 4193; x_wconf 85' lang='lat' dir='ltr'>agitatione</span> <span class='ocrx_word' id='word_1_227' title='bbox 849 4114 988 4175; x_wconf 86' lang='lat' dir='ltr'>nascitur</span> <span class='ocrx_word' id='word_1_228' title='bbox 1001 4111 1114 4191; x_wconf 76' lang='lat' dir='ltr'>virtus,</span> <span class='ocrx_word' id='word_1_229' title='bbox 1126 4136 1224 4200; x_wconf 88' lang='lat' dir='ltr'>quam</span> 
     </span>
     <span class='ocr_line' id='line_1_33' title="bbox 266 4211 1008 4302; baseline -0.007 -20"><span class='ocrx_word' id='word_1_230' title='bbox 266 4215 370 4282; x_wconf 81' lang='lat' dir='ltr'>Graeci</span> <span class='ocrx_word' id='word_1_231' title='bbox 387 4212 525 4302; x_wconf 68' lang='lat' dir='ltr'>aginam,</span> <span class='ocrx_word' id='word_1_232' title='bbox 542 4211 646 4280; x_wconf 87' lang='lat' dir='ltr'>Latini</span> <span class='ocrx_word' id='word_1_233' title='bbox 664 4213 867 4296; x_wconf 87' lang='lat' dir='ltr'>prudentiam</span> <span class='ocrx_word' id='word_1_234' title='bbox 885 4230 1008 4278; x_wconf 88' lang='lat' dir='ltr'>vocant.</span> 
     </span>
    </p>
   </div>
   <div class='ocr_carea' id='block_1_6' title="bbox 0 0 1500 5592">
    <p class='ocr_par' dir='ltr' id='par_1_6' title="bbox 0 0 1500 5592">
     <span class='ocr_line' id='line_1_34' title="bbox 0 0 1500 5592; baseline 0 2"><span class='ocrx_word' id='word_1_235' title='bbox 0 0 1500 5592; x_wconf 95' lang='lat' dir='ltr'> </span> 
     </span>
    </p>
   </div>
  </div>
 </body>
</html>
