2992 5592
139 816 201 861 cin.
219 798 283 878 xn]
478 817 716 863 nummorcus.
1044 802 1079 860 81

137 965 253 1051 petitio,
279 980 311 1030 et
334 963 499 1031 consilium
521 967 707 1043 amicorum,
732 982 767 1034 ut
786 967 922 1032 officium
941 965 1084 1030 docentis

135 1067 333 1153 aggrederer.
374 1066 482 1131 Parui.
522 1066 680 1132 Reversus
694 1069 803 1154 itaque
818 1068 848 1131 in
869 1068 930 1130 line
946 1065 1084 1143 triennii,

136 1168 232 1255 reperi
263 1167 456 1253 magistrum
489 1167 683 1245 Gilbertum,
712 1168 882 1255 ipsumque
911 1166 1018 1232 audivi
1048 1167 1081 1231 in

135 1267 270 1353 logicis,
294 1278 328 1332 et
349 1266 485 1332 divinis:
515 1269 572 1333 'sed
596 1270 688 1333 nimis
717 1270 780 1333 cito
811 1271 996 1335 subtractus
1022 1281 1081 1331 est.

134 1370 288 1436 Successit
313 1368 475 1435 Robertus
497 1371 622 1451 Pullus,
644 1394 738 1457 quem
754 1372 822 1435 vita
843 1372 962 1457 pariter
976 1382 1008 1433 et
1024 1368 1081 1433 aci·

133 1470 215 1535 entia
242 1469 520 1535 commendabant.
577 1472 703 1535 Deinde
733 1496 783 1537 rne
812 1473 937 1558 excepit
968 1473 1081 1537 Simon

134 1574 350 1651 Pcciucensis,
380 1571 462 1637 lidus
491 1571 601 1650 lector,
632 1574 686 1637 sed
715 1575 860 1639 obtusior
889 1573 1079 1658 disputator.

134 1673 192 1738 Sed
209 1674 267 1738 bos
287 1673 369 1739 duos
383 1674 415 1736 in
432 1673 506 1738 solis
526 1674 730 1760 Theologicis
745 1676 843 1740 habui
860 1685 1081 1761 praeceptores.

133 1773 182 1838 Sic
211 1774 278 1837 iere
308 1777 563 1839 duodecennium
593 1774 671 1839 mihi
700 1776 841 1861 elapsum
870 1787 930 1853 est,
951 1772 1083 1837 diversis

132 1874 245 1940 studiis
255 1890 422 1962 occupato.
458 1879 480 1941 J
483 1874 646 1940 ucundum
660 1875 768 1961 itaque
781 1875 881 1938 visum
892 1889 953 1954 est,
962 1887 1082 1939 veteres

132 1996 209 2060 quos
224 1976 428 2063 reliqueram,
444 1990 476 2041 et
494 2000 574 2063 quos
596 1976 701 2040 adbuc
725 1975 900 2040 Dialectici
921 1976 1083 2041 detinebat

131 2079 160 2141 in
176 2092 297 2155 monte,
315 2079 448 2142 revisere
469 2081 579 2158 socios,
601 2078 741 2142 conferre
758 2101 830 2142 cum
847 2079 891 2142 eis
906 2102 1001 2166 super
1015 2102 1080 2144 am·

134 2179 349 2264 biguitatibus
371 2179 530 2264 pristinis:
555 2193 591 2242 ut
621 2191 761 2242 nostrum
789 2177 933 2260 invicem,
955 2204 993 2245 ex
1018 2181 1081 2244 col-

131 2279 247 2345 latione
276 2294 399 2358 mutua,
429 2279 683 2345 commetiremur
713 2280 902 2366 profectum.
952 2281 1080 2350 Inventi

131 2396 203 2447 sunt
221 2382 276 2469 qui
291 2382 431 2458 fuerant,
445 2391 479 2445 et
495 2381 568 2445 ubi:
592 2402 695 2467 neque
710 2382 794 2445 enim
808 2383 848 2446 ad
869 2383 1004 2470 palmam
1023 2385 1079 2449 visi

131 2496 203 2548 sunt
230 2485 417 2569 processisse
433 2482 473 2546 ad
495 2483 688 2568 quaestionas
704 2483 852 2569 pristinas
877 2485 1080 2569 dirimendas,

130 2606 232 2673 neque
262 2583 564 2670 propositiunculam
597 2606 691 2647 unam
714 2584 903 2670 adjecerant.
954 2588 1080 2664 Quibus

136 2686 292 2773 urgebant
315 2685 462 2762 stimulis,
485 2685 600 2749 eisdem
619 2698 651 2750 et
666 2685 726 2771 ipsi
750 2688 959 2771 urgebantur,
976 2689 1079 2773 prol'e·

133 2802 238 2852 cerant
250 2787 283 2851 in
297 2810 362 2852 uno
371 2788 538 2864 duntaxat,
550 2789 735 2853 dedicerant
745 2792 885 2868 modum,
895 2793 1081 2854 modestiam

130 2891 333 2954 nesciebant:
359 2890 439 2953 adeo
461 2889 590 2976 quidem
623 2903 658 2954 ut
687 2891 728 2954 de
751 2891 947 2975 reparatione
969 2913 1078 2955 eorum

135 3005 240 3077 posset
255 2991 430 3078 desperari.
474 2996 638 3078 Expertus
653 2992 762 3077 itaque
777 3016 846 3057 surn
863 2992 947 3079 quod
958 2993 1083 3077 liquido

134 3089 241 3175 colligi
255 3103 368 3175 potest,
390 3092 467 3178 quia
481 3093 563 3157 sicut
586 3093 761 3157 Dialectica
783 3092 859 3155 alias
873 3090 1003 3177 expedit
1018 3093 1082 3157 dis-

134 3189 279 3276 ciplinas,
294 3192 347 3268 sic,
363 3193 389 3257 si
405 3193 471 3257 sola
488 3194 598 3271 suerit,
609 3194 696 3278 jacet
719 3193 889 3278 exsanguis
903 3204 935 3257 et
957 3191 1082 3273 sterilis,

131 3312 189 3356 uec
212 3291 254 3357 ad
283 3291 422 3358 fructum
444 3293 653 3381 philosopbiae
682 3292 846 3358 ioecundnt
876 3295 1023 3373 animam,
1054 3296 1080 3360 si

131 3390 262 3457 aliunde
276 3415 338 3458 non
354 3395 503 3480 concipit.

278 3582 358 3669 Cap.
379 3587 425 3646 ll.
452 3584 540 3658 Quid
553 3584 620 3646 solu
634 3587 814 3649 Dialectica
824 3591 936 3670 point

172 3700 246 3763 Esr
272 3709 377 3762 tamen
404 3700 491 3785 quod
518 3700 656 3765 solitaria
683 3703 851 3788 pollicetur
880 3718 912 3770 et
938 3721 1080 3792 praestat,

132 3800 230 3865 solius
243 3802 461 3887 grammatices
473 3800 608 3866 subnixa
620 3804 784 3890 praesidio:
809 3811 985 3893 propositas
997 3810 1080 3874 enim

132 3903 170 3966 de
184 3926 218 3968 se
232 3902 365 3989 expedit
387 3904 588 3990 quaestiones,
605 3906 659 3969 sed
681 3907 722 3969 ad
738 3908 800 3971 alia
820 3931 881 3972 non
897 3912 1079 3996 consurgit:

132 4003 224 4088 quale
250 4017 319 4076 est3
354 4025 395 4066 an
420 4003 576 4068 affirmare
598 4004 639 4069 sit
661 4006 839 4083 enunciare,
862 4022 895 4073 et
920 4033 960 4074 an
986 4010 1080 4076 simul

132 4119 256 4170 exstare
272 4103 374 4191 possit
385 4105 601 4170 contradictio.
634 4112 706 4172 Hoc
716 4123 823 4174 autem
839 4111 918 4197 quid
931 4112 972 4177 ad
989 4134 1082 4176 usum

133 4204 203 4271 vitae
226 4203 384 4282 conferat,
406 4205 431 4267 si
454 4226 515 4268 non
539 4220 584 4271 est
608 4208 839 4276 adminiculans
861 4210 924 4284 alii,
948 4211 1083 4296 quisque

131 4304 297 4393 dijudicet.
344 4305 503 4371 Caeterum
527 4329 566 4370 an
590 4308 737 4396 voluptas
760 4312 842 4375 bona
862 4311 920 4373 sit:
948 4332 988 4373 an
1005 4333 1084 4397 pne-

134 4407 279 4493 eligenda
296 4406 412 4482 virtus,
422 4429 460 4470 an
475 4407 508 4470 in
521 4431 644 4473 summo
655 4411 746 4475 bonse
762 4409 978 4487 habitudines,
988 4434 1027 4474 an
1043 4413 1084 4479 sit

172 4531 247 4576 voc.
266 4530 297 4573 v.
627 4532 647 4572 o
