2992 5592
268 780 333 841 376
526 795 662 840 romvurs
678 792 961 838 sanusarmrsssrs

270 949 367 1011 nibus
395 947 562 1031 impiorum
594 947 712 1008 obtulit
741 947 917 1029 proprium.
975 946 1059 1026 [Cui
1089 968 1221 1030 unquam

270 1048 410 1129 martyrii
426 1048 535 1110 titulus
551 1047 658 1109 extitit
673 1046 878 1127 gloriosiori]

313 1145 384 1209 Nec
406 1147 499 1210 licuit
518 1147 671 1211 ministris
694 1148 821 1210 Satanae
837 1147 870 1209 iu
884 1147 1111 1211 immolatione
1133 1146 1220 1211 disci·

268 1249 336 1332 puli
351 1259 384 1310 et
400 1248 493 1326 servi,
509 1248 598 1331 quod
612 1249 817 1331 praearubulis
832 1270 942 1311 eorum
960 1250 995 1311 in
1013 1249 1220 1312 crucifixione

268 1349 410 1431 magistri
433 1360 466 1412 et
496 1351 638 1411 Domini.
684 1349 831 1413 Christus
853 1350 951 1427 euim,
982 1371 1024 1412 ne
1054 1349 1219 1413 loedaretur

269 1452 394 1529 civitas,
415 1473 456 1513 ne
478 1452 672 1533 pollueretur
692 1452 872 1527 sabbatum,
888 1473 906 1512 e
923 1451 1054 1534 judicio
1076 1453 1152 1514 licet
1166 1451 1219 1513 ini·

270 1575 336 1637 quo
366 1554 614 1637 praedamnatus,
638 1555 891 1638 qualemcunque
916 1552 1082 1634 allegandi
1105 1574 1163 1636 pro
1189 1573 1219 1614 se

269 1669 440 1738 acceperat
461 1656 655 1733 facultatem,
670 1667 704 1719 et
725 1657 766 1718 ab
790 1656 866 1717 urbe
886 1653 1027 1717 eductus
1049 1669 1139 1717 extra
1153 1674 1219 1737 por-

270 1767 335 1821 tam
357 1758 534 1821 crucifixus
555 1768 615 1834 est,
636 1755 811 1819 ministerio
834 1757 944 1839 utique
968 1757 1147 1837 gentilium,
1167 1753 1220 1838 qni

270 1857 377 1920 Deum
397 1878 462 1918 non
482 1867 645 1933 noverant,
662 1869 694 1920 et
714 1857 901 1918 auctoritate
925 1857 1064 1937 publicae
1086 1871 1219 1939 potesta·

269 1960 321 2036 tis,
342 1959 393 2021 his
419 1980 505 2020 reum
533 1959 748 2021 deferentibus
775 1979 908 2041 quorum
934 1959 1039 2040 legem
1066 1959 1153 2020 visus
1174 1967 1219 2019 est

269 2062 468 2144 impugnare,
502 2059 673 2143 discipulo,
703 2060 769 2121 filio
804 2059 1004 2142 perditionis,
1033 2059 1219 2143 proditionis

267 2163 435 2244 perfidiam
457 2172 660 2246 procurante.
705 2162 748 2222 At
774 2161 834 2223 iste
860 2182 926 2224 non
953 2161 1050 2224 modo
1075 2163 1109 2225 in
1134 2160 1220 2237 urbe,

268 2263 325 2326 sed
348 2264 429 2326 intra
453 2263 636 2339 ecclesiam,
659 2284 722 2324 non
751 2277 893 2345 tempore
920 2264 1067 2346 profano,
1088 2263 1146 2327 sed
1171 2263 1218 2326 die

267 2385 363 2442 quem
390 2365 563 2426 nativitatis
590 2364 773 2425 Dominicae
799 2365 976 2427 solennitas
1005 2367 1217 2429 consecrabat.

267 2463 313 2527 Et
336 2465 422 2526 omni
438 2463 511 2548 jure
533 2462 643 2526 decuit
664 2476 699 2526 ut
721 2467 838 2527 natalis
860 2465 940 2547 ejus,
956 2467 1013 2548 qui
1034 2467 1220 2530 innocenter

267 2577 300 2629 et
322 2567 519 2630 sanctissime
546 2566 679 2642 vixerat,
701 2567 840 2629 natalem
863 2580 1043 2630 sanctorum
1070 2569 1219 2632 iunocen-

269 2670 348 2732 tium
378 2682 569 2752 sequeretur.
623 2668 668 2730 Et
698 2667 838 2750 quidem,
868 2680 903 2729 ut
932 2666 1084 2743 creditur,
1110 2688 1218 2731 necem

267 2771 369 2854 ipsius
394 2770 561 2834 traditores
591 2790 800 2853 procuravere
830 2768 991 2852 discipuli,
1019 2770 1218 2834 sacerdotum

266 2874 432 2955 principes
457 2874 682 2946 formaverunt,
708 2883 795 2932 tanto
820 2871 852 2931 in
883 2871 1004 2933 malitia
1033 2873 1160 2934 Annam
1189 2885 1220 2933 et

268 2974 437 3056 Caipham,
452 2973 591 3035 Pilatum
607 2981 639 3035 et
655 2970 819 3034 Herodem
836 2973 974 3054 amplius
991 2973 1218 3055 precedentes,

268 3087 388 3155 quanto
411 3073 594 3154 diligentius
617 3085 843 3156 praecaverunt,
861 3094 902 3135 ue
925 3073 959 3134 in
976 3073 1139 3156 judicium
1158 3088 1219 3138 tra·

267 3174 404 3252 heretur,
423 3196 464 3237 ne
487 3177 708 3238 conveniretur
727 3174 768 3236 ab
790 3175 1040 3251 accusatoribus,
1058 3197 1101 3238 ue
1122 3197 1218 3259 appa·

267 3288 348 3337 reret
363 3289 435 3337 ante
449 3275 566 3337 faciem
582 3274 739 3357 praesidis,
754 3294 795 3334 ne
811 3274 978 3356 privilegio
994 3276 1076 3338 sacri
1092 3277 1155 3340 loci
1170 3277 1219 3339 vel

267 3377 431 3459 temporis,
453 3388 509 3438 aut
535 3375 709 3456 dignitatis,
734 3387 790 3437 aut
815 3374 941 3455 gradus,
963 3390 1019 3438 aut
1044 3379 1219 3441 reformatae

266 3479 358 3558 pacis
373 3490 405 3539 et
420 3478 501 3540 datm
517 3478 696 3540 securitatis
712 3474 896 3539 conditione
916 3479 1086 3559 sacrilegas
1108 3500 1220 3542 manus

265 3577 424 3653 evaderet,
450 3599 516 3639 non
546 3578 722 3657 gentilium,
751 3597 816 3638 nou
847 3576 997 3651 hostium,
1024 3578 1083 3641 sed
1112 3600 1219 3642 eorum

265 3677 321 3756 qui
350 3679 452 3756 legem
484 3679 547 3740 Dei
577 3679 809 3760 profitebantur
836 3691 869 3740 et
903 3680 1078 3743 amicorum
1114 3680 1218 3743 fidem.

265 3778 350 3838 Saue
373 3776 452 3837 mira
474 3778 549 3851 Dei,
572 3792 690 3842 cuncta
712 3779 872 3861 sapienter
895 3790 927 3842 et
948 3782 1115 3844 salubriter
1137 3782 1218 3844 ordi·

266 3878 383 3953 nautis,
407 3876 645 3959 dispensatione
675 3882 822 3960 contigit,
852 3881 939 3964 quod
969 3882 1025 3964 qui
1055 3883 1125 3947 hrcc
1153 3902 1216 3945 tam

264 3983 360 4058 male,
375 3993 438 4042 tarn
455 3977 672 4061 imprudenter
686 3983 831 4063 permisit
852 3982 931 4060 fieri,
949 3982 1063 4045 cadem
1081 4007 1147 4048 nou
1169 3997 1218 4046 est

265 4105 380 4164 passus
395 4080 562 4159 abscondi,
578 4093 611 4145 ut
628 4082 678 4144 hic
696 4083 790 4145 ctiam
815 4085 1031 4166 temporaliter
1050 4086 1218 4168 impleatur

265 4185 351 4264 quod
375 4185 489 4246 veritas
509 4185 656 4266 protulit:
696 4185 785 4246 Nihil
809 4185 935 4246 scilicet
954 4207 1025 4248 esse
1046 4189 1219 4262 oecultum,

265 4284 352 4367 quod
369 4306 431 4345 iton
454 4286 618 4347 reveletur.
665 4286 746 4347 Nam
770 4285 854 4366 quod
876 4285 916 4347 de
940 4287 1093 4365 signifero
1113 4288 1218 4372 prodi·
