2992 5592
136 837 202 884 car.
217 815 321 895 svm]
490 832 730 878 uersuoorcus.
1048 819 1089 875 45

137 985 328 1050 inventionis
339 981 468 1046 nomina
480 981 637 1058 universa,
650 981 745 1045 credo
759 980 798 1044 ad
810 979 916 1044 omnia
927 981 1092 1044 commode

138 1110 228 1174 posse
250 1081 433 1161 transferri,
449 1083 507 1148 etsi
530 1084 571 1147 ad
597 1106 691 1147 usum
714 1083 992 1168 transsumptionis
1010 1084 1091 1148 sicut

137 1185 345 1273 generaliora,
362 1185 408 1248 ita
422 1184 640 1247 commodiora
655 1185 727 1248 sint.
774 1182 837 1249 Sed
853 1185 929 1268 quia
943 1185 1094 1270 frequens

138 1301 195 1362 est,
212 1285 337 1371 aliquid
353 1298 445 1348 exua
456 1283 598 1367 regulam
617 1284 764 1362 inveniri,
775 1285 835 1348 erit
850 1287 981 1349 sortasse
992 1284 1094 1359 aliter,

141 1412 233 1475 quam
243 1387 366 1451 dictum
377 1386 429 1460 sit,
439 1387 557 1450 alicubi
569 1386 716 1462 inveniri,
728 1407 784 1450 seu
794 1386 882 1473 quod
895 1385 1093 1473 propositum

141 1503 199 1567 est,
215 1513 293 1553 usus
307 1489 444 1553 obtinet.
483 1488 566 1551 Nam
582 1501 613 1552 et
630 1512 667 1551 ea
684 1488 884 1561 vicissitude,
900 1511 973 1573 quae
989 1510 1094 1550 rerum

143 1604 190 1653 est
218 1589 259 1653 ad
289 1610 459 1664 sermones,
490 1611 739 1673 sermonumque
772 1587 813 1651 ad
844 1610 903 1664 res,
933 1610 1007 1671 quae
1036 1586 1096 1650 sibi

143 1690 286 1769 invicem,
311 1689 404 1775 quasi
434 1687 603 1753 collatione
633 1701 758 1762 mutua,
786 1712 858 1752 suas
887 1688 1097 1773 proprietates

144 1793 338 1867 attribuunt,
363 1790 558 1855 translativis
582 1790 794 1867 sermonibus
815 1811 913 1874 qnam
937 1788 996 1864 his,
1017 1812 1097 1875 quos

144 1891 304 1956 institutio
319 1888 507 1954 secundaria
528 1886 760 1973 promulgavit,
781 1887 980 1972 frequentius
997 1889 1098 1974 expli-

144 2004 243 2057 catur.
258 1990 397 2076 Regulae
407 1992 490 2053 enim
501 1989 698 2053 universitati
709 1988 843 2054 fortasse
852 2012 942 2054 casus
954 1988 1096 2075 derogat.

147 2092 207 2156 Sed
227 2115 285 2155 nos
308 2112 403 2154 usum
428 2089 602 2175 loquimur.
649 2095 731 2155 Haec
751 2090 861 2176 itaque
880 2092 1098 2157 translationis

146 2194 200 2274 vis,
215 2191 295 2256 dum
310 2191 521 2268 sermonibus,
538 2192 625 2276 quod
642 2214 748 2255 rerum
766 2205 825 2271 est,
839 2205 871 2256 et
885 2193 992 2270 rebus,
1008 2193 1095 2279 quod

144 2316 325 2359 sermonum
361 2306 421 2369 est,
457 2293 599 2373 ascribit,
628 2293 792 2377 quandam
829 2294 980 2380 loquendi
1014 2296 1098 2381 parit

144 2395 407 2462 indifferentiam:
434 2418 509 2480 quoe
525 2394 605 2458 sicut
630 2396 824 2481 compendio
839 2397 900 2472 sui,
916 2398 1099 2484 compositis

143 2496 278 2584 ingeniis
288 2495 431 2583 prodest,
440 2496 484 2559 sic
496 2494 669 2561 indiscreta
679 2496 860 2574 confundit,
869 2511 901 2562 et
913 2497 1097 2583 prosternit,

144 2599 252 2685 eisque
267 2597 369 2662 totius
388 2599 533 2662 veritatis
547 2597 716 2684 praeoludit
737 2597 986 2680 intelligentiam.
1032 2602 1097 2662 Ne-

146 2722 229 2764 cesse
244 2701 329 2764 enim
345 2710 394 2763 est
409 2698 449 2774 ei,
466 2697 523 2781 qui
539 2698 578 2763 ad
595 2698 742 2763 notitiam
759 2698 901 2762 veritatis
916 2698 1046 2782 aspirat,
1061 2710 1098 2762 ut

146 2800 320 2885 composito
339 2797 519 2886 perpendat
535 2799 677 2882 ingenio,
694 2799 773 2884 quid
790 2798 865 2862 velit
883 2797 988 2862 dicere
1003 2798 1097 2864 etiam

148 2902 201 2989 qui
217 2901 377 2967 balbutit:
402 2921 473 2963 nam
488 2911 521 2964 et
536 2898 562 2962 is
578 2899 748 2986 saepissimo
765 2922 875 2964 verum
890 2900 980 2964 dicit.

199 3081 280 3164 Cap.
297 3082 347 3144 17.
373 3081 466 3154 Quod
479 3088 510 3143 et
525 3082 561 3144 in
574 3086 698 3163 poetico
713 3089 868 3146 naturam
884 3084 1046 3144 irnitutur.

193 3212 238 3276 ΙΝ
265 3210 334 3274 aliis
359 3234 489 3297 quoque
518 3224 666 3276 naturam
697 3211 906 3296 grammatica
933 3212 1098 3276 imitatur:

149 3329 308 3398 praecepta
336 3312 419 3376 enim
450 3314 596 3397 poeticae,
623 3325 768 3376 naturam
799 3335 924 3376 morum
954 3325 1101 3398 patenter

150 3411 344 3500 exprimunt,
360 3412 559 3499 exiguntque
575 3426 611 3476 ut
627 3413 705 3478 artis
719 3414 828 3499 opifex
842 3427 994 3500 sequatur
1007 3427 1101 3480 natu·

150 3535 228 3578 ram.
256 3515 392 3579 For-mot
405 3518 487 3578 enim
501 3523 622 3579 notura
635 3519 729 3598 prius
744 3538 802 3580 nos
816 3519 909 3580 intua
921 3519 966 3579 ad
977 3537 1102 3580 omnem

142 3617 359 3698 fortunarum
380 3617 548 3690 hobitum
573 3619 684 3698 juvat,
706 3627 768 3681 out
789 3621 923 3701 impellit
940 3621 986 3682 ad
1006 3621 1101 3694 irum,

150 3723 210 3779 out
224 3719 260 3778 in
275 3717 411 3779 huncum
430 3736 561 3780 moerore
573 3719 671 3798 gravi
692 3718 831 3793 deducit,
847 3726 879 3782 et
892 3722 1006 3799 angit:
1028 3726 1103 3801 post

149 3816 239 3902 effert
268 3817 367 3879 animi
396 3829 497 3880 motus
525 3819 694 3902 interprete
723 3819 840 3903 linqua.
896 3817 946 3881 Eo
971 3819 1101 3904 quidem

151 3916 229 3994 haec,
253 3929 292 3981 ut
317 3940 337 3982 a
359 3930 482 3982 naturae
512 3916 653 4002 vestigiis
678 3932 773 4004 poeta
797 3939 859 3983 non
886 3920 1023 4000 recedat,
1047 3919 1103 3982 sed

150 4015 274 4096 babitu,
297 4030 330 4082 et
356 4031 463 4102 gestu,
489 4019 564 4082 item
592 4019 698 4094 verbo,
725 4018 755 4081 ei
782 4032 850 4083 toto
876 4022 949 4085 nisu
976 4018 1103 4084 studeat

150 4118 318 4182 cobaerere.
368 4121 406 4182 St
420 4122 469 4182 oie
482 4120 630 4205 maflare,
645 4121 815 4184 dolendum
832 4128 878 4185 ast
890 4124 1029 4203 primum
1043 4119 1104 4198 ipsi

151 4220 227 4284 tibi.-
253 4215 290 4281 si
305 4217 457 4304 gaudere,
474 4219 574 4303 prius,
590 4220 810 4305 gaudendum,
824 4219 964 4303 alioquin
980 4218 1063 4281 mole
1076 4218 1105 4278 si

150 4321 304 4386 mandam
316 4321 466 4400 loqueris,
477 4328 536 4385 aut
547 4321 731 4396 dormitabo,
744 4327 804 4383 aut
815 4319 931 4382 ridebo.
963 4315 1013 4377 Ad
1026 4313 1104 4392 baec,

149 4439 207 4482 uon
229 4419 330 4484 modo
352 4417 472 4503 pedum
495 4431 551 4483 aut
574 4431 754 4502 temporum
778 4416 822 4478 ibi
849 4411 932 4477 ratio
959 4410 1105 4477 habenda
