2992 5592
268 794 326 852 loa
520 805 657 848 ioannis
672 803 950 848 sannsssmsnms
1065 785 1149 864 [mu.
1168 802 1218 847 111.

266 956 477 1043 argumentis:
510 968 556 1020 est
583 955 665 1019 enim
692 958 724 1019 io
749 953 1021 1039 disputationibus
1045 954 1219 1040 protervia,

266 1058 427 1145 responsio
452 1071 571 1143 praeter
597 1056 655 1119 ltus
681 1054 792 1119 modos
821 1054 997 1140 syllogismi
1023 1055 1217 1141 corruptiva

267 1164 318 1224 lta
341 1158 484 1244 quidem,
506 1181 544 1221 ex
573 1171 664 1243 parte
693 1156 930 1243 respondentis:
964 1180 1035 1221 nam
1062 1157 1096 1220 in
1123 1159 1219 1221 inter·

266 1273 400 1346 rogante
415 1260 618 1323 nihilominus
633 1271 693 1335 est,
710 1258 734 1322 si
751 1258 912 1345 patefacto
932 1259 1012 1345 quid
1035 1258 1148 1324 datum
1168 1258 1219 1338 sit,

267 1364 376 1449 inepta
405 1360 608 1427 verbulorum
635 1359 797 1422 occasione
821 1359 852 1422 io
877 1360 1074 1424 contrarium
1107 1358 1219 1439 tendit,

267 1463 392 1528 fidelem
417 1486 477 1528 non
501 1462 654 1546 recipiens
675 1460 885 1541 intellectum,
899 1461 954 1525 sed
977 1485 1142 1548 aucupans
1156 1460 1218 1547 syl-

268 1565 367 1640 labas,
380 1579 411 1629 et
426 1564 466 1628 ad
483 1586 595 1628 nomen
611 1562 746 1626 inaniter
757 1563 935 1648 disputans.
966 1566 1074 1627 Tanto
1090 1562 1216 1649 quidem

270 1666 444 1753 improbior
470 1685 517 1731 est
543 1666 713 1751 protervia,
740 1679 863 1751 quanto
887 1665 990 1729 acrius
1016 1669 1151 1751 quisque
1177 1665 1218 1728 sic

271 1782 375 1855 urget.
421 1770 581 1834 Caeterum
606 1780 742 1852 uterque
771 1765 902 1831 alterius
931 1768 1131 1852 propositum
1162 1767 1219 1830 im·

270 1870 371 1956 pedit,
401 1870 467 1933 sine
496 1869 666 1955 proterviae
696 1867 785 1946 vitio,
814 1868 839 1930 si
868 1865 963 1930 officii
992 1867 1041 1931 sui
1071 1868 1217 1951 partibus

271 1971 369 2057 probe
385 1974 552 2046 renitatur,
568 1984 625 2033 aut
645 1983 776 2054 urgeat:
801 1984 881 2053 puta
903 1970 928 2032 si
950 1968 1076 2033 tardum
1093 1983 1219 2044 natura,

270 2071 320 2134 vel
350 2095 420 2150 usu,
446 2071 590 2135 adbibita
615 2070 777 2135 celeritate
800 2071 872 2155 quis
901 2084 1030 2154 urgeat;
1061 2071 1087 2133 si
1113 2092 1218 2133 acrem

269 2172 407 2256 ingenio,
423 2173 472 2234 vel
488 2172 629 2235 exercitii
646 2172 843 2249 assiduitate,
859 2173 941 2258 quis,
956 2171 1097 2236 adbibita
1112 2172 1219 2257 gravi-

270 2277 346 2338 tatis
360 2296 459 2347 mora‚
477 2273 630 2337 retardet:
655 2273 680 2336 si
696 2277 777 2357 tegit
790 2273 862 2359 quis
876 2273 1084 2360 propositum,
1099 2287 1136 2339 ut
1150 2288 1218 2337 arte

270 2375 415 2440 deludat:
447 2379 473 2440 si
499 2375 579 2438 alter
605 2374 726 2460 detegit
754 2375 957 2450 occultatum,
984 2390 1020 2440 ut
1045 2375 1219 2461 prudenter

269 2477 397 2542 evadat:
423 2492 454 2542 et
471 2477 600 2563 quidem
616 2475 648 2539 in
664 2477 748 2541 bunc
764 2477 892 2542 modum
909 2477 1055 2563 plurima.
1096 2478 1129 2541 Si
1145 2500 1219 2540 vero

269 2580 382 2644 falsum
407 2579 496 2664 sequi
520 2579 665 2644 videatur
687 2603 726 2643 ex
751 2602 836 2658 vero,
857 2579 916 2644 etsi
940 2580 994 2645 ubi
1019 2579 1145 2644 fallacia
1167 2580 1218 2655 sit,

272 2682 389 2748 nonsit
412 2682 625 2768 perspicuum,
647 2695 769 2745 constat
790 2681 936 2767 quoniam
960 2682 1150 2767 sophisticus
1172 2695 1219 2746 est

271 2784 484 2870 syllogismus,
511 2784 612 2847 aliave
638 2783 871 2867 argumentatio
900 2782 997 2847 fallax
1030 2784 1157 2870 quidem
1188 2797 1219 2849 et

269 2886 400 2971 perfida,
422 2886 471 2951 cui
494 2885 588 2948 fidem
612 2886 721 2949 haberi
744 2907 811 2949 non
835 2894 966 2968 oportet.
1015 2891 1086 2951 Hoc
1113 2901 1217 2952 autem

268 2987 392 3073 litigiis,
405 3012 498 3074 quarn
516 2987 788 3065 demonstrationi,
801 3001 854 3052 aut
870 2988 1090 3053 exercitationi
1105 2989 1218 3054 dialec-

270 3090 341 3155 ticae
372 3092 472 3178 magis
500 3092 592 3157 facit:
622 3114 694 3155 nam
725 3093 907 3174 Sophisma,
937 3105 986 3157 est
1016 3094 1219 3180 syllogismus

268 3193 475 3280 litigatorius:
500 3194 739 3283 philosophema
754 3216 840 3271 vero,
855 3193 1143 3260 demonstrativus:
1167 3217 1216 3259 ar·

267 3311 453 3381 gumentum
470 3312 589 3378 autem,
603 3297 806 3383 syllogismus
825 3295 1022 3361 dialecticus:
1047 3297 1102 3361 sed
1118 3297 1217 3384 apho-

267 3397 373 3473 risma,
401 3398 604 3483 syllogismus
627 3398 811 3463 dialecticus
835 3397 1103 3463 contradictionis.
1150 3401 1216 3463 Ho-

267 3520 337 3561 rum
353 3499 493 3563 omnium
503 3500 678 3563 necessaria
693 3514 741 3565 est
757 3500 907 3586 cognitio,
919 3514 950 3565 et
967 3500 997 3563 in
1010 3500 1217 3567 facultatibus

267 3599 398 3684 singulis
410 3600 554 3685 perutilis
568 3615 616 3665 est
627 3603 826 3668 exercitatio.
849 3605 964 3688 Itaque
976 3603 1216 3669 assuescendum

267 3713 315 3764 est
344 3700 576 3786 disceptationi,
603 3716 635 3767 et
665 3707 768 3789 prima
793 3704 885 3769 initia
908 3704 1089 3768 memoriter
1118 3704 1218 3768 revol-

268 3800 381 3876 venda,
410 3801 637 3888 distinguenda
670 3804 855 3881 necessaria,
892 3818 924 3867 et
960 3804 1149 3890 probabilia,
1178 3805 1218 3869 ab

266 3904 432 3991 oppositis,
452 3919 483 3968 et
504 3929 523 3968 a
542 3930 575 3970 se
596 3905 750 3971 invicem:
781 3905 982 3971 excutiendae
1004 3919 1081 3970 sunt
1105 3928 1216 3971 vocum

267 4007 521 4094 significationes,
535 4023 571 4073 ut
585 4008 689 4089 facile,
701 4008 863 4073 scientiam
880 4007 1022 4086 babenti,
1039 4030 1104 4072 una
1118 4009 1219 4073 oratio

267 4108 299 4172 in
324 4107 431 4194 plures
453 4122 602 4190 transeat,
625 4119 683 4173 aut
703 4108 812 4195 plures
837 4109 1033 4173 reducantur
1056 4110 1088 4173 in
1113 4133 1217 4175 unam.

269 4212 307 4274 ln
327 4210 556 4277 universalibus
570 4226 627 4276 aut
644 4211 833 4287 astruendis,
851 4226 906 4275 aut
924 4211 1134 4298 depellendis,
1149 4212 1220 4276 dili·

265 4311 374 4394 gentia
394 4316 504 4397 major,
528 4335 628 4397 quum
653 4311 683 4373 in
707 4310 752 4373 eis
773 4312 936 4396 profectus
958 4327 1015 4376 aut
1038 4313 1217 4398 periculum

266 4411 445 4476 evidentius
459 4425 600 4477 constat:
623 4433 683 4497 pro
696 4434 735 4474 eo
749 4410 837 4496 quod
853 4435 915 4476 nnn
938 4427 985 4476 est
1008 4413 1075 4476 sine
1093 4414 1220 4478 univer-
