2992 5592
388 831 451 891 278
644 843 781 888 rouuurs
797 841 1077 888 ssunsnssruusrs

474 998 518 1059 Et
533 1008 638 1058 tamen
654 996 781 1057 illorum
798 996 958 1057 maximus
975 995 1037 1058 hoc
1056 996 1166 1062 minor
1181 1011 1244 1061 est.

389 1100 453 1161 Hic
470 1099 696 1181 scripturarum
712 1098 786 1160 sous
801 1110 851 1160 est
865 1109 897 1159 et
911 1097 1001 1177 origo
1017 1099 1159 1181 piarum,

474 1199 546 1275 Quo
562 1196 603 1260 de
618 1198 780 1281 principio
795 1198 914 1281 pagina
929 1218 1022 1261 sacra
1038 1201 1138 1276 veuit,
1271 1205 1351 1263 1210

387 1301 474 1362 Fons
488 1300 570 1374 aliis,
585 1297 656 1362 aliis
672 1307 818 1379 stagnum
835 1309 992 1381 puteusve
1008 1302 1213 1383 profundus3

477 1399 558 1462 Inde
573 1400 658 1462 sitim
674 1399 839 1482 reprimas,
854 1400 970 1463 crescit
984 1412 1018 1463 et
1031 1401 1109 1464 inde
1124 1403 1217 1481 sitis3

390 1501 486 1574 Quod
503 1502 651 1577 sauses,
667 1510 803 1583 possunt
819 1521 931 1563 omnes
945 1501 1085 1577 haurire,
1101 1504 1159 1567 sed
1176 1506 1286 1590 ipsum

478 1603 640 1666 Exhausit
654 1605 749 1686 plane
765 1624 859 1666 nemo
875 1605 924 1666 vel
940 1604 1112 1668 imminuit.

603 1703 655 1766 De
672 1705 824 1766 Oicerorse
838 1711 870 1765 et
883 1703 1031 1784 mpmute
1045 1709 1126 1784 ejas

389 1807 485 1870 Orbis
500 1807 546 1869 nil
561 1807 674 1869 habuit
688 1806 790 1890 majus
805 1806 962 1869 Cicerone
978 1805 1126 1884 Latinus,
1263 1813 1347 1870 1216

477 1908 579 1990 Cujus
594 1907 635 1969 ad
650 1908 811 1990 eloquium
827 1907 955 1970 Graecia
970 1918 1058 1970 muta
1071 1910 1154 1986 fuit5

390 2010 550 2072 Omnibus
565 2010 651 2071 hunc
668 2009 794 2072 Graecis
809 2010 944 2092 opponit
959 2010 1065 2072 Roma
1079 2012 1129 2072 vel
1145 2013 1251 2089 effert,

384 2099 388 2108 ¹
477 2111 542 2175 Sed
560 2124 666 2175 tamen
681 2110 735 2172 hic
752 2110 886 2173 dubium
902 2109 1017 2192 dogma
1032 2113 1171 2195 probare
1186 2115 1281 2177 solet

389 2213 531 2276 Transiit
545 2214 608 2275 huc
625 2211 767 2286 tandem,
782 2234 882 2296 quum
898 2233 932 2275 se
946 2223 1059 2276 natura
1074 2212 1209 2276 deorum

477 2319 624 2397 surgeret,
638 2326 672 2377 ut
689 2315 827 2393 dubitet,
839 2315 917 2399 quid
932 2327 1024 2400 putet
1038 2338 1108 2381 esse
1121 2317 1244 2393 Deum,
1265 2324 1351 2383 1220

390 2418 534 2489 Qualiter
549 2415 671 2479 arbitrii
686 2417 818 2480 libertas
832 2439 975 2482 consona
989 2419 1054 2481 fato

477 2517 604 2593 Exuet,
619 2537 693 2579 nam
709 2516 809 2580 satum
825 2519 851 2581 si
866 2530 982 2593 munet,
999 2517 1053 2580 illa
1068 2520 1169 2601 perit;

393 2621 441 2685 Ut
456 2621 517 2683 sibi
532 2619 728 2682 conveniant
742 2640 837 2683 casus
853 2621 1015 2702 satumque
1030 2641 1228 2703 repugnans,

479 2723 601 2796 Nescit,
618 2724 659 2785 ob
674 2722 737 2784 hoc
756 2734 843 2786 rates
857 2743 913 2785 ora
928 2734 1035 2785 tenere
1048 2733 1169 2786 monet.

391 2827 476 2888 Nam
494 2845 594 2904 genus
608 2822 783 2885 humanum
797 2823 915 2906 premit
928 2823 1107 2904 ignorantia
1122 2825 1199 2902 veri,
1264 2831 1349 2889 1225

478 2926 548 2989 Nec
565 2923 642 2986 sinit
655 2923 688 2986 iu
705 2925 792 2986 claro
808 2945 938 2987 cernere
953 2945 1028 2987 vera
1041 2923 1106 3000 die,

391 3029 472 3100 Quae
487 3027 513 3090 si
529 3026 609 3089 forte
626 3033 746 3109 patent,
762 3026 898 3088 obscura
912 3026 1000 3088 nube
1017 3023 1165 3087 videntur

479 3129 549 3190 Nec
565 3126 636 3190 salsi
652 3126 746 3208 plene
763 3124 947 3207 suspicione
962 3138 1079 3188 carent

391 3230 481 3295 Scire
499 3229 607 3293 Deum
623 3229 725 3291 solum
741 3226 842 3290 credit
855 3239 998 3303 venturu,
1014 3224 1071 3291 sed
1085 3227 1205 3309 ipsum,

478 3330 564 3404 Quid
577 3340 702 3405 statuat,
712 3329 827 3407 nescit,
838 3327 896 3391 sed
906 3341 1011 3392 tamen
1023 3349 1094 3391 esse
1105 3332 1234 3411 probat.
1264 3334 1348 3396 1280

392 3434 468 3496 Non
485 3451 603 3512 corpus
618 3440 712 3513 putat
726 3450 797 3492 esse
815 3430 933 3506 Deum,
947 3429 1004 3492 sed
1019 3449 1154 3512 corpore
1169 3432 1285 3515 majus,

477 3531 573 3603 Quod
587 3552 647 3594 nec
662 3532 758 3593 homo
774 3551 882 3607 sensu,
896 3551 956 3594 nec
971 3551 1047 3595 caro
1062 3533 1155 3594 bruta
1170 3533 1269 3616 capit.

394 3631 487 3706 Qrsod
506 3650 558 3692 res
581 3649 743 3711 corporeoe
764 3651 871 3708 seruc,
893 3634 1021 3694 ratione
1042 3650 1116 3694 vero
1137 3633 1350 3712 comprehen-

686 3734 808 3797 drmtur
821 3734 1051 3815 incorporalia.

392 3834 477 3898 Solis
493 3834 654 3916 corporeis
669 3855 783 3898 sensus
799 3837 934 3900 carnalis
948 3836 1092 3913 inhaeret,

478 3933 545 3997 Res
559 3933 757 4016 incorporeae
772 3937 833 3998 sub
848 3935 968 3999 ratione
977 3935 1101 4020 jacent.

397 4036 494 4099 Illum
509 4035 579 4099 sola
593 4033 675 4098 fides
691 4037 779 4118 capit
793 4047 826 4099 et
841 4036 973 4100 dilectio
987 4058 1075 4113 vera,
1264 4042 1350 4102 12³⁶

480 4139 701 4219 Naturamque
717 4138 807 4218 sequi
822 4139 929 4201 cultus
944 4159 1097 4223 umorque
1115 4139 1176 4202 Dei
1193 4151 1254 4215 est,

392 4240 548 4321 Quisquis
561 4238 647 4300 euim
662 4237 778 4317 sategit
792 4239 922 4302 rationis
930 4239 1006 4323 jura
1020 4241 1112 4316 tueri,

481 4345 635 4404 Naturam
649 4339 804 4423 sequitur,
820 4343 915 4404 servit
929 4353 1079 4427 amatque
1095 4344 1212 4407 Deum.

393 4444 452 4504 lile
467 4454 573 4504 tamen
590 4442 694 4503 cultus
708 4461 773 4501 uon
791 4451 840 4504 est
854 4444 974 4506 servilis
990 4444 1169 4524 habendus,
