2992 5592
314 640 329 671 *Ι

287 800 359 884 cra.
375 818 496 900 xxxa]
644 834 888 884 usranonrcus.
1181 826 1241 886 193

285 1010 353 1054 mm
368 1012 409 1053 ex
427 990 610 1055 necessitate
625 1013 687 1054 nou
702 1013 778 1054 esse.
827 989 938 1053 Nonne
960 1010 1008 1054 res
1029 989 1177 1070 existens,
1191 991 1236 1055 rei

228 1147 243 1185 ·.
285 1113 345 1156 non
360 1091 528 1157 existentis
542 1106 589 1157 est
601 1092 738 1177 signum,
751 1105 787 1156 ut
802 1093 902 1156 rubor
915 1091 1034 1156 futurae
1047 1092 1235 1170 serenitatis,

285 1207 340 1259 aut
355 1196 578 1281 tempestatis?
610 1194 777 1281 Siquidem

403 1302 486 1357 Mane
497 1304 592 1357 rubeus
603 1300 707 1366 ooelum,
719 1308 794 1356 notat
804 1304 909 1368 imbres,
918 1320 978 1357 aero
989 1319 1117 1356 seranum.

282 1546 360 1634 Cap.
376 1553 428 1614 35.
454 1548 545 1622 Quid
557 1549 686 1611 duntur
700 1567 821 1622 omnm,
837 1554 868 1610 et
882 1547 957 1628 quid
969 1545 1098 1627 veritae,
1108 1552 1139 1611 et
1153 1547 1234 1630 quid

611 1650 675 1729 ejus
689 1651 900 1712 eontrarium.

320 1808 438 1873 Ortum
454 1829 530 1872 vero
545 1830 637 1888 vana,
648 1820 808 1892 quatenus
823 1828 904 1870 vana
919 1819 1005 1882 sunt,
1020 1806 1147 1871 fallunt.
1187 1807 1230 1872 Et

278 1929 378 1994 quum
395 1909 534 1974 falsitate
556 1910 706 1994 deceptas
723 1920 847 1973 mentes
869 1907 1036 1985 illuserint,
1054 1909 1142 1972 velut
1162 1908 1231 1973 fan-

277 2020 377 2076 tasma
402 2024 603 2076 evanescunt.
651 2009 758 2087 Unde,
785 2012 827 2076 ob
857 2011 939 2075 hanc
968 2033 1073 2076 rerum
1100 2033 1230 2076 evanes-

275 2113 415 2178 nentium
427 2113 663 2200 disparentiam,
675 2114 781 2177 omnia
796 2137 869 2199 quae
885 2113 945 2178 sub
962 2113 1034 2177 Sole
1049 2127 1133 2189 sunt,
1147 2137 1229 2180 vana

276 2236 353 2297 eme,
367 2216 401 2280 in
416 2214 566 2280 concione
581 2216 812 2294 universorum,
827 2215 883 2300 qui
901 2227 1067 2280 versantur
1081 2216 1114 2278 in
1135 2238 1228 2281 mun·

276 2315 328 2395 do,
343 2318 519 2404 proclamet
537 2318 764 2385 Ecclesiastes:
796 2331 887 2383 tanta
907 2318 1038 2404 quidem
1062 2318 1226 2404 majestate

274 2420 373 2500 verbi,
404 2433 493 2486 tanta
521 2420 747 2506 probabilitate
777 2419 951 2496 sententiaa,
983 2429 1019 2483 ut
1047 2420 1089 2483 ad
1118 2443 1227 2484 omnes

275 2520 417 2586 nationes
437 2534 470 2586 et
492 2522 616 2606 linguas
634 2542 696 2584 vox
719 2521 774 2585 illa
795 2533 1003 2607 pertranseat,
1018 2537 1049 2587 et
1072 2523 1227 2604 omnium,

275 2624 329 2708 qui
353 2645 448 2687 aures
472 2623 622 2688 audiendi
650 2623 780 2700 habent,
807 2622 903 2687 corda
932 2622 1129 2707 penetrando
1154 2645 1227 2686 con-

273 2725 383 2790 cutiat.
427 2724 523 2791 Plato
552 2748 693 2812 quoque,
722 2748 845 2804 eorum,
874 2748 948 2810 quae
974 2745 1048 2788 vere
1079 2738 1165 2803 sunt,
1195 2740 1228 2791 et

274 2849 382 2892 eornm
403 2848 478 2914 quae
494 2849 556 2890 non
579 2842 665 2902 sunt,
680 2826 736 2891 sed
758 2850 826 2891 esse
842 2826 999 2902 videntur,
1015 2825 1226 2890 differentiam

274 2927 399 3006 doeens,
415 2927 629 3013 intelligibilia
644 2951 716 2992 vere
733 2952 801 2993 esse
823 2927 973 2994 asseruit:
1006 2949 1077 3015 quae
1099 2950 1158 2991 uec
1179 2931 1226 2993 in-

273 3030 455 3094 cursionum
477 3028 698 3116 passionumve
713 3029 891 3093 molestiam
907 3042 1068 3106 metuunt,
1084 3049 1146 3092 non
1170 3051 1226 3115 po-

272 3132 394 3197 testatis
404 3132 567 3216 injuriam,
577 3154 634 3194 nec
645 3131 848 3217 dispendium
859 3129 1022 3215 temporis,
1034 3130 1087 3195 sed
1101 3153 1224 3217 semper

271 3231 379 3320 vigore
394 3229 585 3297 conditionis
603 3253 670 3296 suae
690 3232 800 3295 eadem
822 3244 1034 3317 perseverant.
1079 3232 1177 3296 Unde
1191 3247 1224 3298 et

271 3332 327 3411 eis,
342 3341 420 3419 post
440 3331 607 3395 assentiam
631 3331 776 3417 primam,
793 3345 878 3395 recte
899 3329 1052 3416 competit
1072 3352 1158 3395 esse:
1189 3331 1226 3396 id

269 3446 327 3512 est,
343 3435 457 3499 firmus
472 3446 643 3519 certusque
658 3446 772 3513 status,
786 3455 881 3517 quem
894 3435 1039 3507 verbum,
1056 3432 1080 3497 si
1096 3433 1222 3520 proprie

270 3539 412 3620 ponitur,
426 3535 577 3622 exprimit
598 3534 852 3599 substantivum:
884 3534 1071 3620 temporalia
1085 3559 1161 3601 vero
1176 3539 1223 3602 vi-

269 3635 387 3702 dentur
406 3638 538 3723 quidem
553 3660 631 3712 esse,
647 3660 685 3700 eo
707 3635 797 3722 quod
813 3635 1060 3723 intelligibilium
1083 3654 1220 3726 praetan-

268 3735 350 3804 dunt
371 3738 552 3823 imaginem.
599 3737 662 3802 Sed
685 3737 898 3823 appellatione
919 3738 1008 3802 verbi
1031 3740 1221 3806 substantivi

268 3857 329 3902 uon
345 3838 423 3903 satis
436 3837 534 3923 digna
549 3849 632 3918 sunt,
648 3861 719 3924 quae
741 3861 815 3902 cum
831 3851 974 3924 tempore
988 3852 1164 3920 transeunt,
1181 3853 1219 3906 ut

267 3959 431 4026 uunquam
447 3940 480 4003 in
495 3938 606 4002 eodem
623 3950 709 4004 statu
724 3954 940 4023 permaneant,
956 3941 1021 4017 sed,
1039 3955 1075 4007 ut
1097 3943 1218 4018 sumus,

267 4048 471 4103 evanescant:
510 4038 640 4123 fugiunt
665 4039 761 4118 enim,
784 4051 819 4102 ut
842 4038 926 4102 idem
952 4041 997 4104 ait
1022 4043 1055 4106 in
1082 4042 1219 4119 Timaeo,

266 4160 324 4204 nec
347 4151 533 4226 exspectant
559 4137 814 4225 appellationem.
860 4141 955 4203 Hanc
979 4153 1087 4206 autem
1109 4163 1216 4205 veram

266 4240 466 4306 existentiam
481 4236 680 4327 partiebatur
701 4242 732 4304 in
748 4240 821 4318 tria,
837 4264 911 4326 quae
933 4262 1039 4305 rerum
1061 4240 1217 4327 principia
1269 4290 1271 4296 .

266 4342 447 4414 statuebat3
479 4344 585 4405 Deum
612 4338 742 4415 scilicet,
766 4341 942 4415 materiam,
964 4352 997 4404 et
1022 4340 1143 4405 ideam:
1174 4341 1214 4403 si-

266 4440 396 4526 quidem
409 4442 491 4517 haec,
506 4440 538 4504 iu
556 4440 604 4505 sui
624 4453 750 4517 natura,
767 4438 977 4507 immutabilia
999 4454 1084 4506 sunt.
1129 4446 1215 4510 Nam

294 4561 366 4607 vot..
383 4562 413 4606 v.
716 4560 737 4603 o
