2992 5592
271 785 330 845 tro
525 797 662 843 scaurus
677 791 955 840 sanssssmsxsm
1075 775 1157 855 [nus
1173 792 1212 836 ir.

304 1038 383 1124 Cap.
399 1043 451 1101 to.
475 1037 527 1100 Dc
540 1037 719 1117 cognitione
732 1036 864 1108 animm,
880 1041 910 1095 et
923 1033 1139 1115 simplicitate,
1153 1039 1182 1096 et

422 1139 663 1202 immortalitate
676 1139 855 1200 secundum
873 1137 1066 1200 Ciceronetn.

311 1260 414 1323 Unus
429 1271 461 1320 et
476 1254 607 1341 quidam
623 1253 738 1318 minuti
755 1252 944 1340 philosophi,
960 1277 999 1317 eo
1013 1252 1103 1338 quod
1118 1277 1138 1316 a
1151 1276 1213 1317 sen·

266 1360 356 1424 sibus
370 1358 411 1422 ad
427 1358 588 1422 scientiam
604 1356 644 1421 sit
660 1379 824 1442 processus
840 1354 900 1419 nisi
921 1378 1045 1431 eorum,
1061 1379 1135 1442 quae
1152 1377 1215 1419 sen·

267 1461 404 1539 tiuutur,
420 1460 516 1523 ullam
532 1473 650 1544 negant
664 1482 732 1522 esse
748 1458 922 1521 scientiam.
956 1458 1052 1536 Quod
1063 1473 1215 1544 quantum

267 1561 513 1650 philosophandi
533 1561 697 1648 proposito
717 1560 916 1641 adversetur,
936 1561 1142 1648 perspicuum
1161 1577 1214 1624 est.

267 1667 357 1733 Perit
379 1667 462 1731 enim
484 1665 671 1730 exercitium
695 1665 836 1741 rationis,
859 1688 925 1751 quo
947 1687 1054 1729 rerum
1077 1665 1164 1752 apud
1185 1688 1215 1729 se

266 1771 421 1848 notiones,
436 1791 517 1855 quas
532 1767 636 1834 Graeci
652 1768 783 1831 ennoias
798 1766 920 1847 dicunt,
937 1769 1052 1854 quierit
1068 1786 1099 1833 et
1116 1782 1214 1842 tenet;

266 1874 334 1938 sine
357 1895 433 1958 quo,
452 1894 509 1936 nec
528 1893 642 1934 nomen
664 1884 810 1936 constare
833 1881 948 1955 potest.
996 1867 1055 1934 Est
1074 1893 1163 1956 ergo,
1182 1883 1216 1934 ut

264 1975 309 2040 ait
336 1975 449 2040 Cicero
479 1973 510 2036 in
539 1971 744 2047 Tusculanis,
769 1975 882 2055 mrrgni
910 1976 1044 2056 ingenii,
1071 1994 1216 2037 revocare

265 2085 401 2140 mentem
427 2098 449 2138 o
471 2077 626 2152 ominbus,
649 2085 681 2141 et
702 2079 923 2158 cogitationem
946 2098 966 2139 a
986 2078 1216 2140 consuetudine

267 2177 432 2242 obducere.
480 2180 547 2241 Nec
573 2177 657 2240 enim
685 2180 776 2243 Deus
801 2179 881 2264 ipse,
907 2179 963 2264 qui
988 2175 1177 2263 intelligitur
1198 2201 1218 2241 a

266 2276 367 2353 uobis,
383 2275 445 2341 alio
460 2276 555 2340 modo
570 2276 703 2361 intelligi
720 2292 836 2362 potest,
853 2280 913 2343 nisi
927 2301 1014 2342 mens
1027 2275 1133 2342 soluta
1151 2278 1220 2365 qui-

266 2377 337 2443 dem
358 2378 410 2459 sit,
430 2391 462 2442 et
485 2377 595 2454 libera,
616 2391 648 2441 et
669 2393 835 2463 segregata
856 2380 897 2444 ab
918 2378 1002 2442 omni
1024 2380 1219 2444 concretione

266 2479 402 2546 mortali.
448 2478 626 2564 Singularis
651 2492 699 2544 est
725 2480 874 2566 quaedam
900 2494 1025 2556 natura,
1049 2494 1148 2568 atque
1174 2481 1219 2547 ris

265 2581 373 2659 animi,
389 2582 532 2668 sejuncta
545 2581 587 2645 ab
602 2581 652 2646 his
667 2583 792 2648 usitatis
807 2583 953 2669 notisque
972 2583 1111 2648 naturis:
1134 2585 1220 2671 quic-

268 2685 347 2774 quid
375 2684 456 2750 illud
486 2685 538 2760 sit,
568 2685 712 2772 profecto
741 2685 887 2750 divinum
916 2698 974 2750 est.
1032 2690 1106 2751 Non
1137 2685 1219 2751 valet

268 2804 373 2855 tamen
403 2790 538 2867 animus,
567 2800 605 2852 ut
634 2787 726 2874 plene
757 2789 893 2874 seipsum
924 2785 1041 2852 videat.
1088 2789 1151 2853 Sed
1183 2801 1218 2853 ut

267 2889 391 2965 oculus,
413 2888 458 2952 sic
478 2887 604 2952 animus
626 2910 659 2951 se
678 2908 740 2950 non
763 2887 882 2969 videns,
903 2889 966 2952 alia
987 2888 1096 2953 cernit.
1147 2893 1219 2956 Nou

269 2991 357 3057 videt
378 3003 485 3055 autem
510 2990 597 3075 quod
620 2991 787 3054 minimum
809 3004 868 3068 est,
890 2990 1024 3055 formam
1046 3011 1136 3056 suam
1158 2993 1222 3057 ior·

269 3107 361 3159 tasse.
400 3094 603 3177 Quamquam
627 3090 659 3154 id
680 3113 821 3178 quoque,
837 3091 893 3155 sed
909 3092 977 3156 hac
994 3093 1218 3179 relinquamus.

269 3194 341 3259 Vim
362 3206 459 3272 certe,
476 3191 694 3277 sagacitatem,
713 3191 908 3276 memoriam,
927 3205 1063 3274 motum,
1079 3193 1219 3260 celerita-

268 3312 331 3363 tem
346 3296 445 3360 videt.
488 3293 568 3359 Haec
584 3316 710 3378 magna,
726 3294 793 3357 haec
808 3292 927 3371 divina,
943 3295 1013 3361 haec
1029 3297 1219 3383 sempiterna

266 3411 351 3463 sunt.
389 3399 462 3475 Qua
475 3396 556 3460 facie
571 3397 701 3482 quidem
716 3397 769 3473 sit,
784 3409 842 3461 aut
857 3398 913 3462 ubi
929 3397 1063 3475 habitet,
1079 3419 1120 3462 ne
1135 3422 1220 3485 qum-

267 3496 401 3563 rendum
426 3509 474 3561 est
499 3496 640 3582 quidem.
687 3502 803 3586 Itaque
828 3501 873 3563 sic
902 3512 1040 3564 meatem
1070 3501 1218 3578 hominis,

266 3598 413 3688 quamvis
428 3621 496 3662 eam
513 3621 575 3662 non
597 3600 715 3682 videas,
730 3615 767 3666 ut
788 3605 894 3666 Deum
913 3625 976 3666 non
992 3601 1097 3676 vides;
1114 3617 1219 3667 tamen

266 3715 302 3767 ut
319 3699 425 3764 Deum
441 3704 586 3785 agnoscis
601 3725 640 3766 ex
660 3703 812 3790 operibus
834 3705 920 3790 ejus:
945 3705 990 3769 sic
1009 3727 1049 3770 ex
1069 3706 1219 3771 memoria

265 3825 382 3878 rerum,
405 3813 437 3866 et
460 3801 655 3882 inventione,
676 3818 708 3869 et
736 3805 898 3871 celeritate
923 3819 1042 3884 motus,
1068 3807 1218 3893 omnique

264 3901 504 3994 pulchritudine
520 3903 660 3985 virtutis,
675 3906 738 3970 vim
754 3907 895 3973 divinam
911 3908 1025 3973 mentis
1045 3908 1217 3994 agnoscito.

267 4010 307 4074 In
330 4004 426 4071 animi
449 4016 556 4068 autem
579 4005 760 4089 cognitione
781 4009 930 4075 dubitare
952 4032 1014 4074 non
1038 4031 1218 4096 possumus,

265 4112 326 4178 nisi
349 4109 441 4197 plane
463 4106 495 4170 in
519 4105 659 4192 physicis
681 4105 823 4194 plumbei
846 4112 957 4190 simus,
973 4113 1052 4199 quin
1076 4111 1157 4175 nihil
1178 4110 1217 4175 sit

265 4214 378 4281 animis
397 4212 588 4285 admixtum,
610 4211 686 4275 nihil
702 4227 898 4294 concretum,
918 4217 997 4281 nihil
1021 4215 1217 4303 copulatum,

265 4317 344 4381 nihil
357 4325 625 4401 coagmentatum,
637 4313 717 4379 nihil
726 4315 861 4402 duplex.
887 4317 983 4395 Quod
994 4340 1098 4403 quum
1110 4319 1157 4381 ita
1167 4318 1218 4392 sit,

265 4432 351 4483 certe
366 4440 423 4483 nec
439 4413 568 4494 secerni,
580 4437 638 4480 nec
651 4414 764 4496 dividi,
780 4440 836 4484 nec
851 4418 999 4506 discerpi,
1012 4440 1071 4483 nec
1085 4418 1220 4485 distrahi
