2992 5592
266 799 326 857 loo
525 810 660 854 sossius
676 807 954 851 snnssesnrsssrs
1073 790 1153 869 [mn.
1171 807 1210 850 ιν.

263 975 320 1028 aut
335 963 474 1025 infinita:
501 959 579 1045 quid
597 960 760 1036 terminus,
776 957 970 1043 praedicatus
986 956 1145 1035 videlicet,
1159 974 1213 1021 eut

265 1063 442 1148 subjectus;
457 1059 1216 1148 quidsyllogismusperfectus,autimperfectus;

264 1164 342 1249 quid
358 1164 390 1226 in
407 1177 474 1228 toto
490 1186 566 1243 esse,
587 1176 644 1225 aut
660 1185 722 1225 non
738 1183 816 1239 esse,
831 1183 911 1246 quas
926 1161 1160 1246 propositiones
1175 1160 1215 1223 ad

265 1289 357 1329 usum
382 1264 592 1350 syllogizandi
616 1263 757 1327 converti
779 1262 955 1347 contingat,
975 1277 1006 1328 et
1032 1286 1114 1349 quas
1135 1286 1215 1326 non:

265 1367 383 1452 quidve
394 1366 535 1430 obtineat
547 1365 579 1429 in
595 1365 654 1444 his,
667 1387 739 1450 quae
752 1363 973 1428 modernorum
992 1389 1052 1429 usu
1065 1366 1218 1429 dicuntur

265 1489 332 1530 esse
346 1467 387 1529 de
402 1466 539 1530 naturali
555 1466 697 1541 materia,
714 1480 771 1529 aut
785 1463 995 1548 contingenti,
1012 1481 1071 1531 aut
1087 1481 1217 1530 remota.

268 1569 393 1647 Quibus
405 1569 586 1654 praemissis,
600 1569 695 1631 trium
706 1568 881 1650 figurarum
895 1568 1058 1633 subnectit
1070 1569 1217 1642 rationes,

266 1683 299 1735 et
312 1685 375 1735 tam
383 1671 620 1735 extremitatum
632 1691 725 1754 quam
737 1668 833 1731 medii
844 1667 1030 1732 delinitione
1043 1671 1218 1754 praemissa,

267 1786 358 1857 quot,
373 1786 405 1835 et
421 1772 478 1856 qui
494 1769 579 1834 modi
594 1771 626 1832 in
645 1767 778 1852 singulis
798 1769 920 1854 figuriS,
941 1792 982 1833 ex
999 1769 1218 1856 complexione

267 1876 506 1938 extremitatum
520 1872 716 1958 provenient,
725 1871 817 1935 docet
825 1896 834 1947 ;
848 1870 925 1935 data
938 1870 1069 1957 quidem
1080 1886 1219 1936 semente

267 1975 397 2039 rationis
419 1997 541 2048 eorum,
562 1996 653 2059 quos,
676 1974 758 2037 sicut
783 1973 940 2037 Boethius
965 1973 1087 2049 asserit,
1111 1975 1218 2036 Theo-

268 2077 418 2160 phrastus
447 2086 478 2138 et
500 2075 681 2139 Eudemius
710 2073 913 2138 addiderunt.
959 2072 1084 2136 Deinde
1107 2075 1218 2138 habito

267 2174 441 2239 modalium
463 2175 594 2249 ratione,
618 2174 730 2238 transit
754 2174 794 2239 ad
817 2174 1054 2240 commixtiones
1077 2199 1151 2261 quae
1177 2175 1217 2238 de

268 2275 440 2339 necessario
456 2290 542 2355 sunt,
556 2289 612 2338 aut
628 2277 837 2361 contingenti,
850 2300 921 2341 cum
939 2276 988 2340 bis
1004 2300 1078 2363 quae
1089 2292 1164 2342 sunt
1180 2278 1220 2341 de

268 2377 377 2452 inesse,
401 2378 539 2463 utquid
563 2401 602 2441 ex
630 2377 732 2443 bisin
756 2379 890 2465 singulis
911 2380 1024 2464 figuris
1046 2381 1221 2466 proveniat,

266 2478 463 2542 ostendatur.
529 2481 597 2543 Nec
634 2490 738 2544 tamen
777 2481 849 2545 dico
876 2482 981 2567 ipsum
1019 2481 1219 2546 Aristotelem

267 2578 397 2660 alicubi,
412 2579 497 2666 quod
514 2579 656 2666 legerim,
672 2581 731 2645 nisi
752 2581 834 2646 forte
849 2581 936 2668 quod
952 2581 992 2645 ad
1010 2584 1220 2668 propositum,

268 2683 309 2747 de
331 2684 510 2748 modalibus
532 2683 721 2749 sufficienter
746 2684 864 2768 egisse:
888 2683 943 2747 sed
966 2684 1159 2767 procedendi
1182 2685 1221 2749 de

268 2786 419 2849 omnibus
432 2785 642 2849 fidelissimam
654 2784 816 2848 scientiam
828 2783 971 2848 tradidit.
1011 2786 1219 2870 Expositores

268 2885 769 2971 verodivinaepaginse‚rationem
780 2885 946 2948 modorum
956 2888 1218 2970 pernecessariam

269 3010 335 3051 esse
356 2986 484 3051 dicunt:
509 2999 541 3049 et
564 2986 694 3049 modum
717 2987 784 3049 sive
807 3008 988 3072 expressus,
1012 2986 1080 3050 sive
1103 2988 1215 3052 tacitus

269 3087 320 3166 sit,
335 3086 507 3173 plurimum
523 3085 764 3150 attendendum.
810 3090 894 3149 Nam
909 3087 942 3150 in
953 3090 1024 3163 hac,
1039 3110 1137 3171 quam
1152 3111 1219 3171 per·

257 3190 372 3272 fecisti
387 3191 628 3265 destmcerunt,
643 3187 757 3251 modus
780 3187 968 3267 subticetur,
983 3203 1016 3253 et
1030 3188 1219 3274 intelligitur

270 3287 411 3371 perinde,
426 3310 462 3351 ac
477 3288 502 3351 si
518 3287 633 3350 modus
648 3286 712 3364 bic,
727 3288 889 3352 uoluntate
905 3288 1036 3365 scilicet,
1049 3313 1219 3376 apponere·

271 3398 334 3449 tur.
380 3391 426 3451 Ut
443 3400 475 3452 et
497 3388 552 3466 ibi,
577 3390 740 3452 Teucrum
760 3391 960 3472 apedeuorot
978 3412 1115 3472 agnum.
1161 3393 1219 3455 Est

270 3487 352 3550 enim
369 3486 494 3565 modus,
514 3502 550 3551 ut
570 3490 672 3569 aiunt,
688 3491 781 3576 quasi
799 3491 927 3577 quidam
953 3492 1079 3558 medius
1094 3493 1221 3558 habitus

269 3588 486 3654 terminorum.
532 3591 577 3653 Et
593 3591 736 3675 profecto
760 3593 832 3658 licet
848 3592 954 3657 nullus
975 3592 1088 3656 modos
1100 3617 1220 3669 omnes,

270 3687 1220 3778 undemodalesdicuntur,singulatimenumeraresufficiat‚

270 3790 354 3876 quod
369 3790 498 3875 quidem
511 3814 567 3854 nec
579 3815 629 3855 ars
641 3794 754 3878 exigit,
768 3808 872 3858 tamen
884 3795 1030 3880 magistri
1042 3796 1220 3861 scholarum

270 3889 343 3954 inde
355 3889 606 3954 commodissime
615 3890 793 3977 disputent,
803 3911 849 3971 et,
863 3907 898 3959 ut
911 3916 989 3979 poce
1004 3894 1223 3960 multitudiuis

272 3993 394 4077 loquar,
420 3990 588 4056 Aristotele
614 3994 683 4078 ipso
709 3994 908 4059 commodius
929 3996 1054 4082 opinor.
1101 3998 1223 4083 Utique

272 4095 357 4183 quod
383 4095 449 4158 sive
469 4094 512 4158 ob
535 4116 644 4157 verum
661 4093 805 4173 modum,
828 4095 892 4159 sive
906 4097 949 4161 ob
968 4096 1066 4160 solam
1089 4097 1222 4161 formam

270 4198 418 4261 dicantur
428 4194 577 4270 modales,
590 4217 710 4274 earum,
723 4195 812 4280 apud
824 4195 980 4281 plurimos
992 4197 1222 4283 scripturarum

272 4297 366 4374 locos,
383 4296 553 4362 necessaria
573 4310 619 4360 est
643 4297 792 4381 cognitio.
837 4295 999 4361 Caeterum
1017 4297 1048 4361 in
1073 4298 1124 4361 his
1145 4320 1224 4382 prae·

271 4396 396 4479 cipuam
427 4397 563 4460 arbitror
592 4419 658 4459 esse
689 4419 765 4461 usus
802 4397 1038 4478 auctoritatem,
1073 4399 1129 4482 qui
1165 4421 1224 4463 ser-
