2992 5592
279 807 340 870 172
512 821 648 866 rossum
664 820 946 866 ssussaamassrs
1083 802 1171 884 [uu.
1188 825 1230 869 rr.

277 1064 357 1150 Cap.
378 1067 426 1125 16.
449 1061 626 1125 Distinctio
635 1059 894 1140 multiplicitatis,
908 1065 940 1121 et
954 1061 1039 1141 quod
1053 1062 1152 1126 bruta
1168 1083 1231 1124 non

318 1167 435 1232 tabent
449 1165 683 1239 rationem‚etsi
697 1163 875 1224 discernere
888 1162 1086 1227 videantur:
1102 1171 1133 1228 ct
1148 1166 1231 1228 rande

318 1273 408 1333 homo
422 1287 491 1330 enm
505 1267 619 1330 sortito
633 1267 675 1328 sit
684 1266 786 1345 juata
804 1265 966 1329 Hebrcos.

319 1389 547 1453 Cessronouus
570 1405 654 1459 vero,
679 1385 711 1446 in
735 1381 817 1446 libro
838 1381 879 1446 de
908 1384 1025 1460 anima,
1049 1384 1106 1449 tali
1128 1387 1230 1452 utitur

275 1488 474 1554 definitione:
492 1488 664 1550 Rationem
678 1484 761 1558 dico,
774 1484 871 1549 animi
881 1485 1082 1572 probabilem
1093 1502 1227 1563 motum,

279 1590 336 1678 qui
347 1611 403 1674 per
415 1611 463 1666 ea,
479 1609 553 1673 quoe
567 1586 797 1667 wnceduntur,
811 1600 843 1651 et
860 1601 935 1651 nota
951 1600 1038 1664 sunt,
1054 1587 1095 1651 ad
1107 1587 1228 1675 aliquid

275 1692 472 1777 incognitum
495 1689 596 1763 ducit,
626 1691 814 1774 perveniens
836 1687 875 1751 ad
904 1689 1047 1753 veritatis
1069 1713 1228 1755 arcanum.

275 1798 367 1878 Ergo
380 1806 412 1857 et
428 1794 582 1875 potentio,
598 1802 630 1854 et
641 1792 793 1872 potenuae
809 1798 923 1866 motus,
941 1790 1023 1855 ratio
1036 1791 1228 1877 appellatur.

277 1898 377 1961 Hunc
392 1907 497 1958 autem
514 1905 634 1956 motum
649 1890 760 1954 asserit
774 1891 867 1956 Plato
888 1892 920 1954 in
938 1893 1067 1968 Politia,
1083 1895 1146 1957 rim
1163 1917 1229 1958 esse

274 1992 514 2059 deliberativam
535 1990 660 2064 animae,
679 2012 765 2074 quae,
790 1987 867 2074 quid
884 1989 1063 2068 honestum,
1080 1991 1132 2055 vel
1148 1993 1228 2057 utile

274 2095 327 2171 sit,
349 2091 617 2178 appetendumve,
640 2099 696 2154 aut
725 2090 927 2175 fugiendum,
952 2091 1089 2175 pensatis
1117 2114 1223 2156 rerum

275 2193 450 2281 speciebus,
460 2192 702 2278 specierumque
712 2192 825 2271 causis,
831 2192 1047 2278 judiciofideli
1056 2194 1226 2260 examinat.

275 2297 406 2361 Habent
415 2293 497 2358 euim
509 2307 541 2358 et
553 2293 650 2357 bruta
657 2292 807 2358 animalia
822 2297 886 2358 vim
904 2294 1043 2379 quodam
1056 2295 1153 2359 modo
1164 2295 1229 2361 dis·

273 2399 435 2474 cretivam,
465 2419 530 2483 qua
559 2395 743 2460 discernunt
773 2397 871 2478 cibos,
899 2396 1059 2463 declinant
1082 2398 1226 2474 insidias,

274 2498 450 2589 praecipitia
465 2496 658 2574 transiliunt,
679 2499 943 2564 necessitudinem
971 2515 1223 2586 recognoscunt:

273 2627 335 2669 non
352 2614 457 2667 tamen
479 2600 632 2667 rationem
655 2614 817 2677 exercent,
840 2600 895 2665 sed
918 2601 1057 2666 naturali
1079 2604 1227 2690 appetitu

273 2708 393 2794 vigent,
402 2719 433 2770 et
446 2704 660 2788 imaginantur
670 2702 836 2790 pleraque,
851 2704 905 2767 sed
921 2728 1033 2768 causas
1044 2728 1151 2769 rerum
1163 2706 1227 2771 dis-

271 2821 380 2873 cutere
409 2827 610 2892 nequaquam
640 2819 785 2891 possunt.
830 2804 924 2882 Quod
955 2804 1089 2890 quidem
1118 2830 1158 2871 ex
1188 2831 1226 2871 eo

271 2914 439 2998 provenire
453 2909 566 2973 dicunt
583 2905 725 2981 Hebraei,
738 2906 824 2991 quod
841 2929 952 2992 quum,
965 2908 1106 2973 Domino
1120 2909 1226 2997 dispo-

271 3025 378 3095 nente,
391 3012 432 3077 ad
444 3010 535 3076 initio
549 3023 765 3074 creaturarum
778 3022 893 3073 coetera
907 3011 1095 3088 coaluerint,
1110 3023 1143 3075 et
1154 3012 1224 3076 totu

271 3113 383 3179 caloris
404 3128 436 3179 et
459 3112 613 3193 humoris,
628 3111 741 3176 sortita
763 3115 826 3176 sint
851 3112 1005 3198 Spiritum
1034 3114 1225 3191 naturalem,

271 3216 451 3294 animalem,
474 3216 664 3291 sensibilem,
680 3237 719 3277 ex
743 3214 863 3299 quibus
876 3217 1027 3279 oriuntur
1049 3217 1226 3302 appetitus,

269 3334 302 3385 et
317 3319 512 3402 imaginatio,
530 3340 626 3404 quam
647 3317 766 3381 habent
789 3316 903 3380 bruta:
927 3315 1013 3380 solua
1034 3318 1130 3382 homo
1145 3342 1226 3383 asse·

269 3428 393 3504 quntus
407 3431 452 3480 est
465 3418 541 3494 vim,
556 3418 714 3483 efficacius
724 3432 756 3483 et
772 3419 924 3483 sincerius
936 3418 1123 3494 disserendi,
1135 3419 1225 3506 quod

270 3518 299 3581 ei
322 3516 418 3581 vitam
443 3516 599 3602 inspirans
621 3520 723 3600 Deus,
744 3520 863 3584 divinae
884 3520 1016 3585 rationis
1039 3521 1142 3585 voluit
1158 3543 1225 3584 esse

268 3617 464 3704 participem.
512 3620 662 3685 Hominis
685 3644 760 3685 vero
781 3622 926 3707 spiritus,
948 3622 1099 3707 quoniam
1117 3646 1137 3685 a
1152 3626 1223 3688 Deo

268 3720 374 3795 datus,
389 3732 421 3783 et
437 3719 477 3784 ad
498 3721 604 3785 Deum
627 3723 791 3787 rediturus
809 3737 868 3803 est,
892 3724 980 3788 solus
1001 3722 1111 3787 divina
1125 3722 1224 3787 medi·

268 3838 367 3903 tatur,
381 3836 413 3886 et
428 3821 460 3885 in
484 3845 521 3885 eo
544 3824 610 3886 fere
631 3823 698 3887 solo
719 3826 845 3889 caeteris
866 3825 1059 3890 animalibus
1080 3838 1222 3911 praestat

268 3927 335 3990 Res
349 3924 431 3988 enim
446 3946 625 4010 corporeas,
642 3949 703 3989 non
720 3928 815 3992 modo
829 3929 1027 4014 imaginatio,
1042 3928 1098 3992 sed
1114 3951 1223 3993 seusus

267 4027 516 4115 comprehendit.
553 4027 604 4092 Ad
617 4030 696 4105 haec,
706 4044 737 4095 et
752 4053 856 4095 rerum
866 4031 1081 4118 corporalium
1094 4034 1222 4110 formas,

267 4129 1223 4220 veramquoqueipsamcobaerentiam‚discohaerentiamque,

265 4258 324 4320 pro
350 4247 441 4320 parte
465 4232 633 4317 cognoscit
679 4238 797 4300 Sensus
822 4237 904 4300 enim
932 4236 1021 4300 videt
1047 4237 1221 4311 bominem,

264 4359 330 4400 rem
367 4337 480 4423 utique
508 4336 722 4421 corporalem:
757 4338 841 4402 ridet
871 4337 1002 4413 colores,
1032 4352 1065 4403 ct
1101 4354 1221 4414 motus,

264 4439 381 4501 formas
412 4438 525 4523 utiquc
555 4439 789 4524 corporalium:
815 4438 902 4504 videt
932 4443 1026 4505 etiam
1059 4439 1222 4504 bominem
