2992 5592
574 831 650 874 vrrs
667 829 783 875 saucrr
800 829 956 872 nussum.
1159 813 1219 872 3⁶1

265 977 400 1046 oderant
428 980 665 1044 contristantur.
716 977 856 1061 Rogavit
883 977 992 1063 itaque
1022 978 1221 1042 venerandus

268 1084 316 1151 vir
341 1083 511 1159 Edmerus,
535 1082 626 1166 cujus
649 1080 691 1145 ab
721 1080 812 1144 initio
839 1079 961 1145 mentio
987 1079 1072 1145 sacta
1099 1092 1159 1159 est,
1187 1093 1221 1145 ut

269 1186 437 1272 episcopus
448 1207 503 1249 vas
514 1185 674 1249 inversum
684 1182 853 1246 violentius
863 1195 1027 1247 excuteret
1041 1184 1074 1247 in
1090 1205 1223 1249 manum

268 1290 349 1374 ejus.
395 1287 570 1374 Aequievit
595 1286 783 1372 episcopus;
823 1297 857 1349 et
884 1307 960 1349 ecce
989 1285 1030 1350 de
1057 1308 1130 1350 vase
1156 1286 1223 1352 fere

267 1391 357 1456 arido
371 1390 477 1476 liquor
497 1390 600 1453 fluens
620 1388 652 1453 in
674 1388 871 1454 abundantia
892 1387 1068 1472 subjectam
1091 1410 1223 1454 manum

268 1490 424 1578 implerit.
460 1491 616 1555 Iteratum
628 1502 676 1554 est
690 1490 751 1554 hoc
764 1491 905 1555 secundo
919 1502 953 1554 et
969 1490 1072 1570 tertio,
1084 1502 1117 1554 et
1127 1490 1225 1556 etiam

269 1593 387 1679 saepius
418 1594 610 1679 repetitum
642 1606 675 1657 et
704 1616 759 1658 vas
785 1593 877 1658 fluxit
905 1615 1031 1679 semper
1059 1592 1093 1657 in
1122 1593 1226 1657 abuu-

273 1694 393 1761 dantia.
442 1696 694 1782 Erumpentibus
718 1718 795 1781 ergo
816 1696 954 1761 lacrimis
975 1718 1042 1782 prae
1062 1695 1179 1780 gaudio
1192 1706 1228 1760 et

273 1797 497 1880 admiratione,
523 1810 627 1863 totum
657 1820 771 1884 corpus
800 1799 900 1864 sancti
924 1797 982 1863 viri
1007 1799 1062 1885 qui
1093 1799 1227 1863 aderant

272 1900 416 1986 repetitis
441 1901 563 1967 vicibus
585 1913 813 1987 perunxerunt.
859 1902 927 1967 Cur
955 1901 1041 1966 enim
1072 1901 1105 1964 in
1136 1911 1227 1965 tauta

275 2001 340 2067 Dei
355 2001 502 2087 largitate
518 2005 637 2088 seipsos
655 2003 818 2089 parcitatis
833 2015 889 2068 aut
903 2004 1043 2068 avaritias
1059 2003 1230 2068 redderent

273 2106 464 2190 arguendos.
510 2106 609 2171 Helia
627 2106 827 2171 ministrante
848 2106 955 2170 oleum
978 2106 1227 2193 multiplicatum

275 2220 310 2272 et
324 2208 513 2287 balsamum,
531 2220 567 2274 ut
581 2211 776 2297 obsequatur
798 2209 966 2288 Anselmo,
982 2210 1113 2295 suscipit
1127 2208 1231 2273 incre·

276 2322 432 2378 mentum.
468 2311 613 2395 Dignum
629 2312 760 2398 quidem
775 2324 858 2390 erat3
875 2324 910 2379 ut
925 2335 998 2378 caro
1012 2335 1109 2401 quam
1120 2311 1229 2377 vivens

274 2433 400 2476 servare
421 2412 587 2476 studuerat
601 2434 621 2476 a
636 2413 852 2500 voluptatibus
873 2416 1101 2502 incorruptam,
1121 2413 1230 2480 exani·

278 2524 366 2579 mata
382 2515 591 2601 corruptionis
607 2515 756 2601 injuriam
773 2538 836 2581 non
853 2518 993 2583 sentiret.

316 2615 376 2679 Vir
390 2617 520 2703 quidam
538 2617 657 2682 Christi
672 2629 705 2680 et
719 2617 876 2682 Ecclesiae
891 2640 983 2681 verus
999 2620 1111 2696 cultor,
1126 2628 1160 2681 et
1173 2638 1231 2703 pro

274 2716 424 2782 facultate
435 2719 608 2783 subventor
617 2738 805 2801 pauperum,
814 2716 953 2781 obeunte
964 2734 1054 2803 patre
1065 2717 1231 2796 Anselmo,

276 2818 460 2883 Cantuariae
476 2819 517 2881 ad
533 2816 663 2880 fatalem
679 2827 715 2880 ut
729 2816 898 2881 videbatur
909 2831 1097 2903 pervenerat
1110 2818 1231 2885 horam.

273 2917 342 2983 Diu
357 2940 497 3004 namque
512 2916 689 3000 languerat.
725 2916 800 2991 Quo
814 2917 847 2981 in
863 2940 1010 2983 somnum
1030 2931 1160 2985 tenuem
1176 2941 1231 3007 pu·

273 3044 406 3107 rumper
417 3021 530 3097 soluto,
543 3021 633 3086 adest
642 3021 770 3107 juvenis
781 3023 950 3109 speciosus,
959 3035 993 3087 et
1003 3023 1081 3111 quid
1093 3025 1233 3111 patiatur

272 3124 418 3211 inquirit.
443 3126 488 3187 At
503 3123 574 3198 ille;
597 3123 681 3187 “En
698 3124 843 3190 morior.‘’
867 3126 929 3190 Cui
940 3126 1078 3211 juvenis.
1102 3132 1122 3168 “
1136 3128 1233 3193 Pater

273 3227 417 3314 patriae‚'’
433 3225 547 3312 inquit,
565 3235 586 3268 “
597 3227 792 3292 aeternaliter
807 3229 947 3293 victurus
968 3250 1053 3292 nuuc
1068 3229 1172 3294 tendit
1191 3231 1233 3295 ad

273 3330 395 3408 Deum,
408 3340 442 3393 et
452 3340 489 3393 tu
500 3329 653 3394 moreris?
678 3331 780 3415 Surge
796 3329 870 3407 cito,
881 3342 914 3395 et
924 3331 1068 3416 glorifica
1080 3332 1188 3397 Deum
1200 3344 1234 3398 et

274 3432 415 3497 amicum
438 3432 507 3516 ejus
529 3431 585 3518 qui
607 3431 665 3496 tibi
691 3432 840 3497 subvenit
865 3445 988 3518 patrem
1012 3434 1235 3503 Anselmum.’'

275 3534 339 3599 His
353 3534 481 3614 auditis,
501 3532 555 3597 ille
577 3534 699 3598 cunctis
721 3535 924 3620 stupentibus
945 3536 1046 3621 surgit
1064 3550 1099 3602 et
1116 3538 1235 3623 gratias

275 3646 403 3701 acturus
423 3636 565 3701 concitus
585 3635 626 3700 ad
646 3636 814 3700 ecclesiam
837 3637 952 3724 pergit,
968 3648 1002 3702 et
1021 3639 1098 3726 quid
1119 3641 1236 3707 viderit

278 3737 408 3805 indicat.
432 3744 524 3805 Hora
535 3760 663 3826 quoque
679 3739 822 3825 ejusdem
835 3742 985 3806 transitus
1000 3741 1032 3807 in
1046 3746 1236 3810 monasterio

276 3839 364 3905 beati
387 3841 560 3926 Augustini
582 3863 678 3926 super
699 3852 783 3907 stetu
809 3842 936 3927 gloriosi
963 3846 1060 3931 patris
1084 3847 1237 3913 sollicitus

276 3941 376 4008 frater
390 3943 423 4007 iu
439 3944 557 4008 visione
573 3943 654 4008 vidit
669 3944 709 4009 ad
725 3946 841 4011 ostium
857 3969 994 4012 camerae
1009 3946 1236 4031 archiepiscopi

277 4044 422 4110 albarum
454 4068 658 4131 personarum
689 4047 940 4133 pulcherrimum
970 4068 1119 4121 cuneum,
1146 4047 1237 4133 quasi

276 4146 410 4233 aiicujus
422 4147 538 4211 exituri
549 4148 723 4213 adventum
736 4172 810 4214 cum
823 4148 980 4213 desiderio
990 4146 1237 4231 praestolantem.

280 4248 422 4313 Proeorat
442 4249 489 4314 illi
517 4250 614 4315 choro
634 4250 817 4335 ingrediens
839 4266 873 4314 et
895 4248 1062 4332 egrediens
1084 4248 1238 4334 pontifex,

276 4351 389 4415 habitu
409 4362 444 4415 et
462 4352 601 4438 quadam
626 4353 790 4437 majestate
811 4350 952 4436 insignis.
991 4350 1067 4429 Hic,
1084 4351 1239 4417 Anseimo

280 4453 434 4536 obeunte,
459 4453 577 4520 festino
602 4453 697 4520 exirit
723 4464 757 4519 et
782 4454 844 4518 ait:
880 4464 901 4497 ‘⁸
914 4451 1001 4519 Ecce
1027 4453 1117 4520 adest
1141 4475 1238 4541 quem
