2992 5592
136 821 205 866 css.
222 803 271 882 v.]
501 821 742 868 uersuuoruus.
1055 811 1093 869 tl

138 972 290 1057 voragine
314 971 580 1039 absorbebantur.
623 972 714 1037 Adeo
735 971 879 1058 quidem,
894 984 930 1037 ut
953 973 997 1037 siu
1019 996 1094 1060 pro·

135 1073 312 1138 ficientium
344 1072 623 1159 Philosophorum,
644 1086 712 1154 aut,
739 1086 776 1139 ut
805 1075 912 1138 verius
940 1073 1092 1155 dixerim,

134 1174 352 1241 deficientium
382 1176 560 1252 collatione,
591 1176 697 1261 quivis
730 1177 763 1240 in
794 1177 891 1241 turba
919 1178 1093 1265 prophanae

133 1277 362 1360 multitudinis,
384 1277 474 1342 rudis
489 1277 528 1341 ad
533 1282 674 1362 flagitia
690 1278 862 1344 videretur.

135 1447 213 1532 Cap.
232 1454 263 1510 5.
290 1446 432 1522 Quantis
451 1447 537 1524 uiris,
553 1452 584 1509 et
602 1467 674 1523 cur,
687 1449 826 1530 familia
848 1446 906 1511 illu
928 1448 1092 1514 detrahere

546 1549 676 1612 audeat.

174 1667 329 1730 Suueusr
356 1662 509 1750 magister
536 1663 704 1729 Gilbertus
735 1666 817 1745 (tum
847 1666 979 1755 quidem
1006 1670 1094 1747 Can,

132 1766 277 1832 cellarius
293 1765 512 1842 Carnutensis,
527 1778 560 1829 et
580 1766 786 1849 postmodum
804 1767 993 1833 venerabilis
1010 1770 1094 1858 epis.

132 1890 231 1954 copus
252 1867 472 1948 Pictavorum)
498 1867 649 1952 temporis
670 1867 751 1953 ejus,
769 1869 876 1933 nescio
899 1869 1016 1949 ridens,
1033 1886 1090 1939 aut

134 1970 243 2034 dolens
268 1970 433 2047 insaniam,
454 1992 554 2056 quum
581 1992 635 2034 cus
656 1970 786 2036 videbat
807 1971 848 2035 ad
875 1972 993 2051 studia,
1015 1998 1091 2062 quae

133 2073 286 2158 praedicta
301 2085 388 2150 sunt,
403 2072 538 2147 evolare,
555 2073 601 2136 eis
620 2085 720 2138 artem
741 2075 905 2160 pistoriam
927 2075 1086 2162 polliceri:

133 2175 282 2260 quoniam
307 2175 361 2239 illa
383 2188 443 2250 est,
468 2189 504 2239 ut
527 2174 642 2254 aiebat,
662 2176 695 2239 in
717 2190 813 2262 gente
836 2200 907 2257 sua,
927 2202 1002 2264 quae
1023 2181 1090 2248 sula

131 2278 272 2364 accipere
287 2277 452 2341 consuevit
466 2299 586 2352 omnes,
602 2275 672 2340 aliis
687 2278 850 2363 operibus,
866 2290 923 2344 aut
947 2285 1089 2366 artificio

132 2377 312 2444 destitutos.
358 2380 424 2441 Ars
449 2376 531 2442 euim
558 2374 705 2441 facillime
731 2392 908 2462 exercetur,
930 2393 963 2446 et
989 2383 1091 2449 subsi-

132 2478 231 2542 diaria
257 2491 305 2543 est
327 2476 472 2553 aliarum,
494 2477 668 2563 praesertim
696 2478 782 2565 apud
805 2503 869 2556 eos,
891 2481 948 2568 qui
974 2505 1088 2569 panem

132 2580 249 2665 potius
271 2600 369 2665 quarn
393 2578 561 2643 artificium
589 2594 751 2666 quaerunt.
796 2581 858 2645 Sed
886 2584 993 2650 etalii
1017 2587 1089 2666 viri,

133 2696 289 2748 amatores
305 2682 468 2746 literarum
488 2685 615 2770 (utpote
631 2683 780 2767 magister
794 2685 1025 2760 Theudoricus,
1038 2710 1088 2751 ar·

133 2785 210 2848 tium
235 2783 487 2850 studiosissimus
511 2783 740 2871 investigator;
773 2785 883 2850 itidem
907 2787 1089 2854 Willelmus

134 2887 171 2951 de
202 2885 352 2963 Cunchis,
378 2886 616 2970 grammaticus,
645 2900 716 2974 pust
741 2888 942 2953 Bernardum
968 2891 1090 2956 Carno-

134 3002 263 3066 tensem,
288 2989 561 3074 opulentissimus,
588 3000 620 3053 et
648 2990 877 3075 peripateticus
908 2991 1088 3072 Palatinus,

136 3091 192 3176 qui
217 3091 326 3174 logicoe
347 3091 527 3176 opinionem
554 3090 721 3177 praeripuit
747 3091 897 3155 omnibus
923 3094 1089 3159 coaetaneis

136 3193 213 3268 suis,
235 3193 314 3257 adeo
339 3207 374 3258 ut
396 3194 483 3260 solus
506 3191 692 3257 Aristotelis
717 3191 900 3258 crederetur
925 3216 1003 3258 usus
1029 3199 1089 3259 eul-

135 3295 253 3379 loquio)
274 3318 306 3359 se
326 3318 432 3361 omnes
454 3307 674 3382 opposuerunt
695 3293 805 3358 errori.
852 3295 912 3359 Sed
937 3319 994 3361 nec
1017 3298 1087 3363 uni·

134 3396 214 3460 versi
244 3395 470 3462 insanientibus
499 3396 644 3461 resistere
672 3407 866 3482 potuerunt:
905 3397 1089 3486 insipientes

132 3499 240 3585 itaque
266 3498 342 3564 lacti
369 3512 455 3579 sunt,
481 3498 560 3563 dum
585 3497 775 3585 insipientiae
805 3498 1016 3578 resistebaut3
1054 3516 1087 3568 et

130 3597 249 3662 erronei
264 3597 389 3663 diutius
409 3598 522 3679 habiti,
536 3597 616 3661 dum
630 3597 759 3662 obviare
778 3597 961 3664 nitebantur
976 3603 1086 3668 errori.

131 3703 370 3776 Verumtamen,
385 3699 495 3764 fumus
509 3698 562 3762 ille
577 3697 641 3762 cito
656 3698 797 3778 evanuit,
808 3712 841 3763 et
857 3697 1086 3786 praedictorum

129 3824 224 3889 opera
245 3803 483 3888 magistrorum,
498 3815 529 3866 et
552 3799 727 3886 diligentia,
752 3800 913 3866 redierunt
936 3813 1030 3881 artes,
1053 3819 1086 3871 et

130 3907 219 3992 quasi
227 3907 305 3992 jure
314 3904 528 3991 pust-liminii,
540 3902 689 3968 honorem
702 3903 872 3992 pristinum
886 3918 987 3969 nactae
999 3920 1085 3984 sunt,

129 4021 158 4072 et
174 4020 247 4095 post
264 4007 410 4087 exilium,
422 4008 570 4093 gratiam,
585 4017 618 4071 et
639 4005 774 4092 gloriam
790 4005 985 4092 ampliorem.
1032 4010 1087 4074 In-

129 4111 208 4176 ridit
225 4109 429 4186 Cornificius,
445 4121 478 4174 et
497 4121 590 4196 turpe
604 4121 769 4195 reputans,
786 4122 821 4173 ut
837 4133 931 4174 senex
947 4111 1087 4174 mittere-

129 4226 180 4277 tur
191 4212 234 4277 ad
246 4210 382 4289 scholas,
393 4225 426 4276 et
437 4224 474 4276 ut
486 4232 580 4276 sensu
592 4232 673 4294 puer
683 4224 861 4296 appareret,
871 4232 965 4274 senex
978 4221 1085 4288 aetatc,

128 4314 258 4400 culpare
285 4312 395 4400 coepit,
416 4312 505 4399 quod
531 4336 564 4378 se
589 4334 682 4399 posse
708 4311 857 4398 consequi
883 4308 1083 4393 desperabat.

129 4417 312 4485 Sententias
332 4416 481 4502 carpebat
501 4417 654 4495 omnium,
675 4438 712 4479 eo
732 4413 821 4500 qnod
842 4413 870 4474 ci
890 4409 1085 4482 dissimiliter
