2992 5592
585 837 806 886 eumericus,

309 989 412 1059 Quam
430 989 559 1052 tandem
576 992 689 1054 victrix
705 992 917 1076 Philosophia
932 995 1029 1075 lugat.

224 1087 342 1151 Indicit
356 1090 475 1152 bellum
492 1093 598 1155 virtuti
615 1095 716 1175 prima
731 1095 843 1169 libido,

309 1190 416 1260 Quum
433 1213 519 1264 caro,
536 1215 634 1275 quum
651 1196 780 1275 sanguis
795 1197 896 1258 uritur
910 1197 984 1277 igne
1000 1218 1094 1261 novo.

473 1294 557 1366 Quce
572 1301 737 1357 coerceant
752 1294 925 1358 libidinem.

225 1394 321 1455 Hunc
338 1407 488 1475 poterunt
503 1396 613 1459 sedare
626 1399 716 1460 labor
730 1401 897 1481 tenuisque
914 1399 1018 1477 diets,

310 1497 435 1579 Quique
451 1499 557 1580 placet
572 1500 684 1577 cautis,
699 1521 749 1562 res
764 1500 906 1582 fugitiva,
921 1500 1022 1563 timor.
1109 1504 1172 1563 880

457 1599 541 1671 Quae
555 1604 734 1680 reprimant
748 1603 934 1664 avaritiam.

225 1701 317 1762 Bella
333 1701 474 1762 secunda
489 1712 594 1762 moret
608 1723 697 1763 amor
711 1703 900 1785 irrequietus
915 1702 1066 1781 habendi,

311 1800 520 1863 Succendens
536 1801 657 1863 animas
673 1823 795 1884 pronus
811 1803 851 1866 ad
867 1825 962 1867 omne
977 1805 1087 1880 nesas3

227 1903 386 1983 lnstigant
400 1903 488 1964 oculi
504 1916 654 1979 mentem,
670 1925 768 1987 quum
783 1905 910 1986 singule
925 1919 1081 1989 spectent,

316 2005 359 2067 Ut
374 2005 448 2065 velit
463 2025 534 2066 esse
550 2025 653 2079 suuni,
670 2004 756 2088 quod
771 2019 863 2088 putat
877 2028 947 2070 esse
963 2010 1094 2071 bonum.

226 2104 371 2166 Conterit
387 2104 446 2164 hac
464 2105 573 2166 vitium
589 2124 694 2165 rerum
709 2106 884 2187 speculatio
900 2120 1004 2183 cauta,
1112 2110 1175 2169 885

310 2207 354 2268 Εῑ
369 2204 497 2267 divinus
513 2226 601 2268 emor
616 2206 832 2290 suppliciique
848 2219 961 2270 metus.

228 2307 320 2379 Quod
333 2307 402 2369 alia
416 2308 497 2369 vitia
510 2308 666 2369 oriuntur
686 2328 726 2370 ee
744 2308 828 2381 aliis,
843 2310 899 2372 sed
908 2309 1055 2390 superbia
1076 2310 1174 2371 etiam

608 2430 648 2472 en
662 2412 791 2473 uirtute.

226 2511 281 2572 Ex
297 2508 380 2572 vitiis
395 2512 465 2574 aliis
480 2512 614 2575 aliorum
631 2525 759 2575 constat
774 2514 874 2593 origo,

313 2611 357 2674 Et
372 2612 412 2675 de
428 2614 595 2697 principiis
611 2628 686 2676 sunt
699 2616 784 2677 mula
804 2616 902 2676 multa
917 2616 1018 2677 malis.

227 2716 336 2777 AEstus
351 2717 488 2779 avaritiae
506 2718 610 2797 gignit
625 2716 811 2797 plerumque
827 2717 964 2799 rapinas,

313 2816 406 2900 Saepe
421 2817 498 2879 lecit
507 2816 666 2906 ‘cupidum
683 2817 848 2877 luxuriosa
865 2817 982 2877 Venus.
1114 2818 1177 2877 890

230 2917 442 2979 lmmoderata
457 2916 539 2998 parit
554 2916 710 2977 Venerem
728 2915 812 2996 gula,
827 2914 883 2977 dat
896 2916 982 2975 furor
995 2935 1119 2990 ausum,

316 3019 416 3080 Livor
451 3018 536 3079 edax
553 3017 676 3089 odium,
693 3017 730 3078 fit
745 3028 836 3079 retus
851 3017 898 3079 ira
913 3017 983 3078 suro
1002 3038 1022 3076 r.

229 3121 283 3180 Sic
300 3121 410 3181 vitium
427 3119 504 3180 vitio
520 3117 576 3180 det
590 3138 719 3180 causam
735 3117 854 3200 datque
869 3118 1045 3199 sequelam,

315 3220 382 3282 Res
398 3220 515 3283 etenim
530 3220 633 3300 turpis
648 3219 717 3280 sola
730 3238 857 3280 manere
873 3218 995 3299 nequit.

269 3319 362 3391 Quod
375 3319 573 3398 negligentia
586 3335 761 3398 parvorum
777 3335 897 3396 magna
912 3316 991 3377 uitia
1003 3324 1146 3395 generat.

230 3419 263 3481 Si
279 3419 442 3482 modicum
459 3421 592 3502 sperniS,
607 3418 760 3500 paulatim
775 3438 894 3497 magna
907 3431 1091 3500 sequentur,
1116 3421 1180 3481 898

316 3520 361 3582 Εῑ
378 3520 464 3581 venit
479 3541 498 3582 e
513 3519 651 3581 minimis
666 3540 753 3602 saepe
768 3519 857 3580 ruina
873 3517 983 3600 gravis.

232 3620 345 3682 Gloria
359 3620 517 3682 nobilium
531 3641 664 3683 manans
681 3620 720 3684 de
737 3623 825 3684 sonte
840 3623 995 3683 bonorum

317 3720 494 3784 Praetendit
509 3722 637 3801 generis
652 3723 820 3785 nobilitate
836 3723 944 3786 decus.

235 3822 319 3884 Nam
334 3841 433 3904 quum
449 3822 604 3884 fermento
621 3822 719 3885 virtus
734 3835 884 3904 corrupta
898 3825 1059 3899 tumescit,

318 3922 369 3984 De
384 3924 499 3985 misero
514 3924 601 3986 coitu
616 3936 691 3987 neta
705 3928 843 4008 superbe
858 3926 954 3988 venit.
1119 3928 1182 3985 900

236 4025 316 4088 Hoee
332 4025 463 4108 peribus
479 4044 548 4087 sese
564 4025 691 4107 praefert
705 4026 890 4107 spernitque
905 4027 1054 4099 minores,

321 4127 436 4189 Nescit
451 4137 484 4187 et
498 4126 619 4188 auctori
635 4127 730 4189 stulta
744 4127 876 4189 subesse
893 4148 961 4188 suo.

235 4227 279 4288 Et
294 4226 341 4288 sic
358 4225 398 4289 de
414 4226 535 4289 meritis
550 4226 682 4288 veniens
698 4238 754 4289 eut
768 4227 924 4306 sanguine
939 4225 1025 4285 claro

320 4326 381 4388 Est
396 4328 518 4408 ingrate
534 4326 618 4402 Deo,
634 4347 763 4388 munera
778 4325 871 4406 cujus
886 4324 991 4385 habet.
