2992 5592
391 782 431 838 74
645 792 783 837 sossius
799 790 1076 836 snnssnnnrssus
1206 774 1286 855 [nm.
1302 793 1333 838 11.

387 956 473 1020 sunt,
488 942 530 1007 sb
550 940 657 1028 inopis
670 939 787 1028 judicii
810 939 965 1019 scribunt,
980 956 1012 1006 et
1034 940 1199 1006 referunt:
1224 965 1335 1030 propo-

385 1059 468 1111 nunt
493 1045 576 1110 enim
602 1045 718 1123 omnis,
745 1044 824 1130 qnia
848 1044 993 1108 nesciunt
1019 1043 1174 1129 preferre
1200 1047 1336 1112 meliors.

388 1148 497 1211 Teuta
510 1161 557 1212 est
577 1148 776 1234 opinionum,
792 1144 1095 1233 oppositionumque
1110 1149 1288 1233 congeries,
1303 1161 1336 1213 ut

389 1248 442 1311 vix
459 1271 517 1312 suo
528 1257 603 1312 noto
617 1271 683 1311 esse
699 1248 799 1334 possit
815 1248 949 1310 auctori.
980 1246 1106 1314 Accidit
1122 1248 1183 1313 hoc
1196 1250 1340 1335 Didymo,

387 1372 453 1436 quo
474 1372 566 1413 nemo
588 1348 681 1433 plura
703 1346 839 1432 scripsit,
855 1362 892 1410 ut
912 1369 1014 1431 quum
1037 1347 1180 1413 historie
1203 1350 1338 1429 cuidem,

387 1464 538 1536 tauquam
559 1472 660 1528 vnnae,
679 1462 885 1535 repugnaret,
908 1447 1010 1534 ipsius
1031 1449 1232 1535 proferretur
1251 1451 1339 1527 liber,

387 1551 444 1637 qui
459 1573 527 1616 enm
543 1551 735 1615 continebat.
765 1549 828 1615 Sed
845 1572 930 1613 uunc
942 1549 1061 1613 multos
1076 1549 1220 1614 invenies
1236 1552 1337 1638 Didy-

388 1674 468 1727 mos,
493 1673 628 1738 quorum
660 1651 757 1736 pleni,
782 1650 845 1714 imo
874 1650 983 1714 referti
1009 1662 1084 1714 sunt
1110 1653 1339 1728 commentarii,

389 1751 574 1839 hujusmodi
599 1752 794 1837 Logicorum
816 1749 1061 1836 impedimentis.
1106 1754 1210 1817 Recte
1236 1764 1339 1816 sutem

388 1854 542 1918 dicuntur
562 1852 787 1938 oppositiones,
803 1851 878 1937 quis
899 1850 1085 1915 meiioribus
1106 1852 1225 1917 studiis
1243 1875 1341 1940 oppo-

390 1968 526 2020 nuntur:
546 1955 674 2018 obstant
686 1954 770 2017 enim
782 1952 951 2037 profectui.
990 1953 1051 2017 Sed
1069 1976 1127 2018 uec
1140 1955 1342 2035 Aristoteles,

390 2079 485 2143 quem
505 2055 606 2119 solum
622 2053 765 2138 nugidici
787 2054 992 2120 ventilatores
1014 2055 1066 2120 isti
1089 2056 1269 2142 dignentur
1288 2079 1341 2142 sg-

389 2178 527 2236 noscere,
546 2156 689 2232 auditur,
710 2155 819 2220 diceus
842 2157 970 2243 quidem
994 2157 1144 2236 fideliter,
1166 2157 1338 2244 eleganter,

389 2271 420 2322 et
447 2280 538 2322 vere:
566 2261 644 2344 quia
670 2258 804 2341 quolibet
827 2263 989 2322 contraria
1011 2260 1212 2342 opinionibus
1236 2262 1341 2342 pinse·

387 2368 485 2436 rente,
499 2362 662 2424 sollicitum
678 2382 740 2424 esse
753 2362 878 2424 stultum
893 2371 947 2424 est.
993 2361 1106 2427 Refert
1122 2361 1341 2439 Quintilianus

391 2462 597 2526 Timotheum
620 2463 794 2549 quendem,
809 2462 929 2527 clerum
951 2464 984 2528 in
1006 2475 1073 2526 arte
1089 2463 1257 2541 tibiarum,
1272 2463 1342 2528 soli-

389 2576 458 2627 tum
489 2563 616 2648 exigere
645 2562 763 2650 duplas
792 2561 952 2626 mercedes
983 2561 1024 2626 ab
1053 2561 1115 2637 his,
1146 2585 1231 2647 quos
1260 2564 1342 2628 alius

389 2664 590 2741 instituisset,
603 2687 699 2751 quarn
716 2664 741 2728 si
758 2664 960 2728 traderentur
975 2663 1072 2727 rudes
1086 2665 1228 2729 omniuo.
1273 2664 1341 2728 Du·

388 2765 463 2852 plex
479 2767 560 2830 enim
577 2766 668 2830 labor
686 2780 747 2843 est,
763 2765 889 2830 alterio
906 2764 1042 2830 eluendo
1057 2764 1173 2830 vitiosa
1188 2765 1344 2845 doctrine,

390 2889 486 2952 quem
509 2879 734 2952 perceperunt;
759 2865 839 2929 alter
863 2879 900 2930 ut
921 2887 1008 2945 vers,
1030 2876 1063 2930 et
1084 2878 1185 2940 recta,
1207 2866 1344 2932 fideliter

389 2966 584 3032 imbuantur.
630 2963 684 3029 Ad
708 2966 788 3040 hec,
811 2964 867 3050 qui
885 2966 952 3050 jam
976 2963 1108 3029 artificis
1129 2987 1247 3032 nomeu
1269 2990 1343 3032 reu·

390 3069 488 3149 diest,
505 3091 565 3135 uon
585 3081 691 3156 potest
712 3068 827 3132 leviter
847 3066 1020 3147 humiliari,
1036 3081 1072 3132 ut
1086 3067 1127 3137 ad
1149 3069 1275 3134 minora
1289 3069 1343 3134 de·

391 3172 540 3236 scendet:
564 3172 631 3235 siue
647 3169 766 3256 quibus
782 3181 885 3233 tomen
901 3168 1054 3254 proficere
1069 3169 1195 3255 nequit.
1235 3172 1346 3236 Timo-

389 3271 482 3337 theus
496 3274 608 3357 utique
622 3270 779 3356 sapiebat,
795 3269 871 3354 quis

494 3379 552 3439 Quo
564 3375 645 3428 semel
656 3382 697 3426 est
707 3376 809 3428 imbute
819 3393 918 3441 reeens,
931 3378 1045 3430 tenebit
1057 3377 1163 3431 odorem

493 3460 577 3511 Testa
588 3458 646 3509 diu:

391 3558 436 3621 Et
452 3554 597 3640 quisque,
613 3551 661 3616 sui
672 3553 756 3635 juris
771 3553 913 3630 effectus,

843 3666 923 3716 currit
933 3667 967 3717 sd
979 3665 1061 3730 illem,

492 3748 576 3811 Quum
588 3745 697 3816 primum
709 3752 785 3817 rupto
796 3747 911 3816 praedsm
922 3755 1074 3817 gustaverat
1085 3768 1141 3803 ovo.

444 3969 524 4052 Cep.
544 3946 574 4031 8'.
607 3968 697 4040 Quod
717 3988 768 4031 eos
790 3968 973 4031 Aristoteles
994 3983 1233 4052 compescuerat,
1257 3974 1287 4037 si

775 4070 948 4132 audiretur.

428 4206 521 4270 Usus
548 4216 652 4267 tomen
680 4202 797 4288 aliquis
822 4200 984 4265 interdum
1012 4218 1059 4267 est
1089 4204 1121 4267 in
1149 4206 1235 4271 malo
1262 4208 1343 4273 isto:

386 4306 516 4383 scilicet,
528 4304 614 4391 quod
631 4304 687 4389 qui
705 4303 824 4366 talibus
839 4316 1035 4378 assuescunt,
1052 4305 1077 4369 si
1093 4318 1201 4370 tamen
1218 4308 1344 4374 modes·

386 4407 430 4470 tin
459 4405 679 4480 instituuntur,
710 4404 880 4467 verborum
911 4404 1032 4489 copiam
1065 4424 1263 4493 praepsrant,
1290 4434 1346 4475 so·
