2992 5592
412 811 453 868 46
668 823 804 866 sotanis
820 820 1099 866 sansananrsnsrs
1187 793 1195 805 '
1242 807 1322 885 [ua.
1337 831 1357 874 r.

412 985 471 1046 est,
498 972 552 1034 sed
580 981 722 1045 aetatum,
749 969 903 1043 locorum,
933 984 1123 1058 temporum,
1152 974 1360 1064 chartamque,

410 1091 485 1157 quae
500 1070 661 1157 sigillatim
679 1070 806 1146 referre,
822 1070 941 1134 adrem
958 1085 1145 1157 praesentem
1159 1096 1223 1138 non
1238 1077 1360 1144 attinet:

410 1195 512 1259 quum
542 1173 648 1236 omnia
675 1195 695 1235 a
724 1186 847 1236 naturae
877 1172 1002 1235 officina
1030 1175 1231 1258 proveniant.
1275 1178 1361 1244 Adeo

410 1275 538 1361 quidem
563 1274 682 1338 assidet
709 1274 834 1359 poetica
863 1275 959 1339 rebus
989 1274 1201 1353 naturalibus,
1229 1291 1266 1343 ut
1296 1302 1359 1344 eam

408 1378 553 1462 plerique
576 1379 763 1462 negaverint
782 1377 999 1462 grammaticae
1022 1376 1158 1460 speciem
1181 1401 1262 1457 esse,
1284 1402 1361 1445 asse.

408 1491 516 1542 rentes
529 1500 597 1541 enm
614 1500 681 1540 esse
696 1489 795 1540 artem
812 1497 868 1561 per
889 1498 933 1549 se,
950 1497 1006 1538 nec
1026 1477 1128 1560 magia
1149 1477 1190 1541 ad
1206 1501 1360 1562 gramma·

408 1581 515 1657 ticam,
528 1601 624 1666 quam
640 1578 682 1642 ad
698 1574 901 1642 Rhetoricam
915 1577 1090 1661 pertinere:
1115 1576 1241 1642 affinem
1258 1593 1359 1644 tamen

410 1680 551 1766 utrique,
564 1701 601 1742 eo
616 1678 788 1765 quodcum
805 1677 855 1740 his
866 1676 982 1741 habeat
997 1691 1158 1763 praecepta
1173 1681 1359 1747 communia

409 1782 592 1866 Ringantur
610 1802 705 1866 super
727 1779 789 1842 hoc
808 1778 864 1863 qui
889 1776 1047 1842 voluerint
1072 1779 1149 1858 (non
1173 1780 1257 1844 enim
1283 1783 1361 1850 hanc

408 1883 566 1967 protendo
586 1880 684 1959 litem)
701 1877 755 1942 sed
779 1881 921 1941 omnium
943 1900 1031 1963 pace,
1047 1879 1160 1964 opinor
1183 1895 1220 1945 ut
1242 1882 1283 1946 sit
1299 1885 1363 1950 hnc

410 1980 451 2043 ad
473 1978 710 2064 grammaticam
734 1977 909 2055 referenda,
929 1995 1081 2064 tanquam
1105 1980 1146 2043 nd
1170 1995 1318 2063 matrem,
1331 2000 1362 2048 et

410 2080 550 2145 altricem
581 2078 679 2142 studii
709 2078 769 2141 sui.
827 2075 916 2141 Licet
946 2093 1055 2143 autem
1092 2093 1207 2146 neutra
1237 2083 1361 2149 illamm

409 2181 538 2245 omnino
553 2177 706 2244 naturalis
729 2177 781 2253 sit,
797 2191 828 2242 et
845 2201 885 2242 ex
906 2181 1046 2244 maxima
1061 2196 1153 2267 parte
1174 2185 1362 2251 substantiae

410 2302 478 2346 suoe
499 2279 671 2355 hominem,
694 2279 754 2364 qui
774 2301 826 2342 eas
843 2278 974 2354 invenit,
997 2296 1135 2368 utraque
1157 2284 1270 2350 laudet
1292 2309 1363 2351 auc·

411 2396 523 2461 torem,
539 2394 653 2447 natura
672 2396 776 2445 tamen
798 2379 919 2466 aliquid
937 2382 1019 2465 juris
1042 2384 1101 2448 sibi
1122 2385 1280 2452 vendicat.
1326 2393 1362 2454 ln

410 2498 547 2572 utraque
562 2484 715 2571 profecto,
729 2496 787 2548 aut
803 2483 958 2569 poeticam
973 2487 1180 2570 grammatica
1194 2489 1362 2566 obtinebit,

409 2598 467 2650 aut
482 2585 638 2671 poeticas
653 2605 785 2648 numero
807 2584 985 2650 liberalium
1004 2587 1246 2673 disciplinarum
1261 2591 1362 2655 elimi-

409 2686 549 2750 nabitur.

477 2867 556 2950 Cap.
576 2870 625 2927 18.
657 2865 745 2933 Quid
768 2869 859 2946 aequi
884 2868 1005 2945 doceat,
1032 2875 1063 2931 ci
1087 2872 1168 2950 quid
1190 2874 1297 2936 nitore

772 2970 997 3045 grammatico.

452 3104 635 3166 Tnsn1rcnr
665 3097 795 3183 quidem
823 3110 882 3174 est,
906 3104 1153 3182 ffianrmatt'ccm
1183 3125 1250 3167 ease
1279 3117 1360 3170 recte

409 3204 576 3281 acribmrdi,
598 3208 743 3282 rectoque
771 3202 920 3283 loquendi
945 3205 1118 3266 seientiam.
1175 3206 1273 3268 Recte
1293 3206 1360 3290 qui-

409 3303 482 3367 dem
505 3300 633 3376 dicitur,
655 3315 689 3362 ut
711 3298 824 3364 vitium
845 3301 1007 3366 excludat.
1033 3316 1068 3367 ut
1092 3301 1210 3368 scilicet
1233 3307 1266 3370 in
1289 3309 1362 3371 scri·

409 3400 514 3466 bendo
534 3411 686 3484 sequatur
706 3401 980 3486 orthographiam,
996 3403 1028 3466 in
1051 3404 1223 3490 loquendo,
1238 3408 1316 3472 artis
1330 3419 1360 3470 et

410 3523 488 3566 usus
512 3498 744 3562 auctoritatem·
792 3501 831 3563 ln
861 3525 899 3565 eo
927 3517 1035 3568 autem
1060 3507 1301 3595 orthographia,
1327 3508 1360 3573 id

409 3609 467 3677 est,
491 3611 577 3662 recta
600 3597 760 3682 scriptura
784 3601 940 3677 consistit,
969 3616 1005 3667 ut
1028 3628 1166 3693 quaeque
1189 3608 1282 3673 litera
1304 3631 1362 3674 suo

409 3711 548 3788 ponmur
571 3697 650 3774 loco,
670 3719 728 3761 nec
756 3699 887 3763 alterius
909 3716 1042 3788 usurpet
1065 3709 1204 3770 officium
1227 3721 1285 3773 aut
1307 3709 1361 3772 de·

409 3812 503 3867 serat.
549 3797 656 3883 Loqui
678 3812 798 3874 autem,
820 3818 867 3864 est
890 3801 1060 3866 articulata
1082 3817 1112 3868 et
1136 3807 1264 3872 literata
1286 3832 1361 3874 voce

408 3925 502 3968 auum
526 3899 727 3984 interpretari
754 3901 963 3968 intellectum.
1011 3905 1094 3968 Nam
1122 3909 1210 3992 quod
1233 3909 1363 3989 dicitur,

407 4010 494 4068 nutu
509 4004 672 4083 Quisque
689 4002 880 4082 boantum,
896 4025 916 4065 a
930 4005 1082 4066 sermonis
1097 4006 1295 4090 proprietate
1314 4031 1362 4072 re·

407 4102 502 4168 cedit.
546 4103 647 4164 Recte
668 4099 797 4183 quidem
819 4101 920 4185 loqui,
939 4114 987 4166 est
1008 4102 1175 4168 soloecismi
1195 4119 1228 4169 et
1249 4107 1363 4172 barba·

407 4204 493 4270 risun
509 4202 624 4266 vitium
647 4201 678 4261 in
700 4222 844 4262 sermone
859 4200 1026 4266 declinare.
1073 4206 1134 4270 Est
1148 4220 1257 4271 antem
1274 4210 1360 4271 Bor-

405 4308 573 4377 bariemua,
599 4301 772 4379 corruptio
793 4302 941 4365 dictionis
967 4325 1030 4368 non
1058 4307 1217 4383 borbarae,
1240 4312 1279 4373 id
1302 4317 1360 4386 eet,

406 4423 482 4483 quae
496 4402 613 4463 Graeco
624 4401 676 4471 sit,
687 4404 747 4459 cul
757 4398 892 4462 latina.
924 4402 959 4466 si
969 4403 1052 4465 enim
1066 4406 1209 4468 Barbara
1220 4407 1363 4472 dictione
