2992 5592
298 821 364 868 css.
380 803 466 888 ω]
654 823 897 872 nursaomcus.
1186 812 1247 875 177

295 984 411 1056 potest:
448 974 549 1060 igitur
579 997 634 1039 nec
666 976 805 1041 interire.
852 979 933 1040 Hsec
967 976 1022 1040 ille
1057 980 1088 1041 iu
1120 981 1244 1043 Tuscu-

292 1070 380 1150 lanis,
413 1089 449 1139 ut
479 1089 511 1138 et
540 1080 603 1140 vim
641 1075 893 1152 deliberativam,
925 1078 1078 1143 rationem
1109 1081 1240 1160 scilicet,

289 1174 428 1239 divinam
445 1176 587 1262 quidem,
602 1191 634 1243 et
650 1179 770 1242 animas
786 1178 949 1242 hominum
964 1203 1031 1244 esse
1045 1182 1240 1250 immortales

290 1277 411 1342 doceat.
456 1282 538 1342 Haec
553 1280 696 1364 quidem,
712 1279 752 1344 de
768 1281 911 1367 passione
933 1304 1095 1360 sensuum,
1111 1299 1142 1351 et
1166 1288 1240 1352 viri-

287 1375 356 1456 bus,
378 1391 411 1442 et
434 1378 591 1463 dignitate
614 1381 737 1455 animre,
761 1381 863 1444 multa
890 1382 1047 1447 brevitate
1072 1386 1239 1467 perstricta

286 1491 370 1553 suut,
395 1492 431 1542 ut
454 1490 622 1556 constaret,
645 1482 732 1565 quia,
753 1494 789 1544 ut
812 1481 856 1544 ait
879 1480 1080 1557 Aristotelea,
1100 1505 1150 1544 ars
1172 1468 1237 1546 sive

284 1578 413 1641 scientia
426 1580 579 1662 originem
597 1581 695 1644 trahit
710 1604 729 1643 a
745 1600 847 1644 sensu.
893 1582 926 1643 Si
947 1581 1020 1666 quis
1042 1584 1126 1645 enim
1142 1581 1237 1646 vellet

283 1676 322 1739 de
339 1678 461 1742 viribus
475 1680 588 1744 animae
599 1680 758 1767 copiosius
773 1679 949 1764 disputare,
962 1680 1095 1743 materia
1111 1680 1238 1744 subtilis

282 1779 441 1863 ingenium
457 1794 599 1856 acutum,
615 1803 762 1867 capacem
784 1779 978 1855 memoriam,
995 1798 1027 1844 et
1047 1779 1235 1866 expeditum

280 1881 378 1944 otium
400 1904 557 1966 quoerens,
573 1904 644 1947 cum
667 1881 775 1945 studio
797 1878 954 1965 diligenti,
969 1882 1000 1944 in
1021 1884 1233 1947 maximorum

284 1981 481 2046 voluminum
506 1982 719 2066 quantitatem
748 1991 939 2067 erumperet.
987 1983 1049 2060 Qui
1081 2007 1155 2047 vero
1181 2008 1236 2048 na-

282 2094 384 2147 turam
414 2085 528 2147 animae
555 2083 740 2168 diligentius
764 2083 954 2168 investigare
977 2085 1146 2162 voluerint,
1170 2108 1232 2149 uon

283 2183 376 2248 modo
392 2184 544 2261 Platonis,
561 2185 753 2261 Aristotelis,
766 2185 939 2263 Ciceronis,
955 2200 987 2251 et
1003 2202 1144 2251 veterum
1162 2188 1234 2273 plri-

283 2280 485 2370 losophorum
510 2285 627 2369 scripta
650 2285 824 2360 revolvant,
841 2284 896 2350 sed
920 2300 1060 2371 patrum,
1074 2288 1130 2372 qui
1154 2292 1235 2352 veri-

281 2393 375 2445 tatem
402 2383 527 2446 fidelius
549 2397 783 2471 expresserunt.
830 2388 913 2447 Nam
936 2399 969 2448 et
992 2389 1146 2450 Doctores
1169 2389 1231 2451 Ec-

277 2483 389 2559 clesiae,
412 2496 444 2547 et
467 2499 540 2569 post
562 2508 616 2549 eos
639 2485 847 2560 Claudianus,
871 2496 903 2547 et
928 2483 983 2547 alii
1007 2486 1231 2565 moderniores,

278 2582 315 2647 de
330 2585 435 2648 anima
455 2585 555 2648 multa
579 2585 783 2671 scripserunt,
799 2607 880 2668 quos
903 2584 928 2646 si
950 2585 1022 2668 quis
1041 2607 1104 2647 non
1125 2599 1230 2670 potest

277 2686 431 2763 evolvere,
448 2686 495 2748 vel
509 2690 817 2769 Plrrenouplryss'con
832 2687 927 2768 legat,
938 2685 1054 2748 librum
1071 2685 1111 2750 dc
1127 2686 1231 2752 anima

276 2787 486 2869 copiosissime
502 2787 730 2872 disputantem.
774 2789 861 2849 Eum
878 2800 981 2848 tamen
998 2785 1066 2848 aliis
1080 2788 1229 2852 omuibus

275 2907 335 2950 non
352 2910 515 2973 praepono.
562 2888 624 2951 Sed
642 2889 708 2951 haec
724 2885 893 2951 hactenus:
918 2908 1002 2949 nunc
1024 2884 1065 2948 ad
1086 2889 1229 2972 proposi-

275 2999 341 3052 lum
358 2989 535 3052 redeamus.

272 3175 351 3260 Cap.
377 3179 428 3236 sl.
455 3175 545 3246 Quod
563 3174 826 3254 praecedentibus,
849 3175 909 3237 eat
931 3192 997 3233 non
1020 3174 1224 3258 sufficienter,

313 3277 496 3337 Aristoteles
538 3275 669 3354 aliquod
697 3276 970 3355 hypotheticorum
1013 3275 1225 3338 seminarium

314 3379 416 3440 dedit.

314 3497 552 3559 Drusonem
575 3506 607 3558 et
633 3492 882 3578 Apodeicticam,
897 3514 994 3578 quam
1015 3516 1074 3560 nos
1095 3494 1224 3561 demon-

274 3596 435 3658 strativam
456 3596 603 3671 dicimus,
620 3594 832 3680 praecedentia
852 3595 982 3659 docent:
1007 3595 1039 3658 in
1060 3595 1098 3659 iis
1118 3610 1224 3663 tamen

273 3695 312 3759 de
327 3696 542 3782 hypotheticis
557 3697 749 3782 syllogismis
764 3697 853 3776 nihil,
868 3709 924 3761 aut
940 3719 1064 3782 parum,
1079 3712 1126 3764 est
1146 3699 1223 3766 acti-

271 3810 384 3864 tatum.
433 3797 642 3862 Seminarium
660 3810 765 3863 tamen
783 3796 895 3861 datum
910 3811 958 3861 est
973 3799 1015 3862 ab
1038 3801 1223 3879 Aristotele,

272 3913 353 3964 utet
375 3900 468 3976 istuc,
484 3923 541 3983 per
564 3899 754 3964 industriam
777 3899 923 3973 aliorum,
940 3900 1037 3984 possit
1060 3924 1127 3965 esse
1149 3923 1224 3986 pro-

272 4022 385 4066 cessus.
431 4003 539 4079 Quum
551 4001 632 4064 enim
649 4014 715 4064 tam
734 4000 959 4086 probabilium,
970 4023 1066 4086 quam
1081 4025 1224 4066 necessa-

270 4100 386 4165 riorum
403 4102 463 4166 loci
480 4107 643 4166 monstrati
657 4102 733 4177 sint,
748 4115 909 4164 ostensum
926 4113 985 4177 est,
999 4101 1080 4185 quid
1101 4124 1141 4163 ex
1158 4123 1222 4184 quo

270 4203 416 4288 sequitur
436 4203 653 4289 probabiliter,
669 4215 725 4266 aut
747 4205 931 4266 necessario.
976 4201 1069 4276 Quod
1091 4199 1220 4283 quidem

267 4299 307 4364 nd
329 4303 607 4388 hypotheticorum
627 4302 780 4366 indicium
803 4301 939 4364 maxime
960 4312 1094 4382 spectat,
1116 4310 1151 4361 ut
1172 4321 1220 4362 ar·

267 4401 376 4476 bitror,
401 4417 437 4466 ut
457 4403 681 4488 consequentia
703 4415 836 4466 constet.
881 4404 1041 4464 Praeterea
1065 4398 1220 4464 Boethius

309 4523 382 4567 vot..
398 4524 428 4568 v.
723 4522 746 4563 n
