2992 5592
307 796 369 859 19⁴2
562 806 697 856 Joasms
714 805 992 856 saansaumassrs
1119 791 1203 870 [cra.
1219 813 1258 857 n,

304 963 387 1026 ratio
402 962 531 1043 labitur,
543 963 568 1025 si
581 984 643 1024 non
657 961 762 1026 stabili
775 960 924 1025 innititur
934 959 1139 1025 offendiculo.
1181 965 1259 1027 Nam

305 1064 331 1126 si
347 1063 447 1126 lucem
464 1063 671 1135 subtraxeris,
684 1073 785 1124 cessat
802 1062 906 1124 visus:
931 1059 1064 1125 auditus
1079 1062 1189 1127 nullus
1204 1079 1258 1140 est,

303 1177 442 1227 cessante
458 1185 551 1226 sono:
575 1161 712 1225 olfactus
727 1173 906 1246 gustusque
917 1160 1086 1244 quiescunt
1103 1164 1145 1227 ab
1156 1165 1259 1228 odoris

302 1265 489 1349 saporisque
503 1262 660 1335 carentia;
693 1276 800 1326 tactus
815 1262 917 1326 inanis
935 1276 995 1340 est,
1010 1264 1036 1326 si
1061 1263 1095 1326 in
1120 1288 1187 1328 rem
1214 1290 1258 1328 so

303 1364 400 1428 lidam
416 1386 478 1427 non
494 1363 643 1427 offendat.
690 1363 818 1427 Dicitur
839 1375 941 1426 tamen
967 1365 1057 1449 quod
1082 1380 1161 1430 tunc
1176 1368 1259 1431 vide-

304 1481 399 1531 antur
427 1466 576 1542 tenebrae,
604 1464 764 1530 silentium
791 1464 953 1541 audiatur,
980 1482 1135 1550 tangatur
1161 1470 1258 1533 inane.

304 1569 369 1632 Sed
385 1568 492 1631 verius
518 1564 676 1629 diceretur
700 1565 748 1628 his
772 1566 917 1629 sensibus
942 1569 1115 1631 tuncnihil
1143 1569 1257 1634 sentiri.

302 1670 504 1753 Augustinus
519 1672 616 1746 euim,
631 1682 661 1731 et
678 1682 789 1731 contra
812 1666 1020 1744 Manichacus,
1037 1684 1069 1734 et
1086 1671 1118 1734 in
1145 1677 1256 1758 Hypo·

303 1772 458 1848 uosticon,
474 1786 505 1835 et
522 1772 552 1833 iu
569 1768 638 1832 aliis
653 1767 763 1832 moitis
779 1767 869 1832 libris
884 1767 988 1843 docet,
1001 1792 1063 1833 non
1080 1772 1177 1835 modo
1192 1774 1256 1848 has,

303 1874 357 1937 sed
371 1874 529 1959 quaslibet
540 1873 743 1957 privationes,
754 1870 834 1932 nihil
844 1894 921 1936 esse.
949 1871 1139 1936 Aristoteles
1150 1888 1255 1938 autem

300 1998 355 2037 eas
370 1973 513 2037 nonnihil
529 1997 595 2035 esse
610 1972 738 2036 asserit:
767 1994 805 2034 eo
819 1971 907 2056 quod
923 1995 984 2036 non
1002 1973 1097 2036 modo
1115 1975 1253 2058 privant,

300 2075 357 2138 sed
373 2074 412 2137 ad
437 2097 469 2138 se
491 2073 726 2160 quodammodo
747 2071 890 2155 subjecta
910 2073 1091 2159 disponunt.
1140 2076 1257 2160 Itaque

301 2189 365 2238 tam
391 2198 512 2252 sensus,
528 2197 623 2259 quam
650 2174 740 2249 ratio,
764 2175 878 2239 stabile
901 2174 979 2260 quid
1004 2185 1195 2259 exposcunt,
1216 2200 1255 2240 ne

300 2275 401 2338 inanis
416 2276 457 2339 sit
472 2297 580 2360 opera,
596 2299 670 2361 quae
686 2289 809 2339 certum
832 2276 910 2360 quid
927 2298 988 2339 non
1003 2277 1255 2361 comprehendit.

301 2377 383 2438 Nam
397 2397 496 2460 quum
514 2375 581 2459 agit
598 2389 635 2439 ut
652 2390 770 2451 teneat,
783 2388 816 2439 et
827 2389 968 2440 cassatur
983 2378 1053 2462 ejus
1067 2379 1215 2454 intentio,
1224 2392 1255 2443 et

299 2476 330 2539 in
348 2498 461 2538 vanum
480 2474 614 2554 laborat,
628 2490 660 2539 et
676 2499 734 2538 suo
750 2476 873 2540 fallitur
894 2500 1009 2542 errore.
1056 2478 1155 2541 Unde
1171 2480 1250 2543 sicut

297 2599 435 2641 errorem
466 2576 606 2640 diximus
637 2575 751 2641 rationi
777 2578 985 2655 contrarium,
1013 2579 1056 2641 sic
1083 2580 1253 2644 vanitatem

301 2680 426 2744 veritati
442 2679 630 2743 contrariam
648 2679 855 2764 profitemur:
886 2702 957 2742 nam
971 2681 1101 2765 salsum
1120 2705 1254 2745 vanum·

298 2805 369 2865 que,
383 2782 440 2847 etsi
457 2805 547 2845 voces
563 2781 697 2846 diversae
712 2781 785 2860 siut,
802 2779 842 2842 ad
862 2781 992 2844 eandem
1016 2782 1252 2867 quodammodo

296 2884 450 2949 accedunt
475 2883 745 2967 significationem.
790 2885 890 2947 Porro
917 2883 1039 2947 vanitas
1068 2900 1101 2947 et
1131 2883 1250 2948 falsitas

298 2986 337 3050 ad
357 2985 490 3049 nihilum
508 2997 658 3069 vergunt:
691 2983 780 3069 qood
802 2986 885 3047 enim
909 2982 1023 3048 salsum
1045 2998 1105 3062 est,
1121 2987 1250 3050 omnino

297 3087 375 3150 nihil
386 3101 449 3164 est,
466 3109 522 3149 uec
536 3086 597 3149 sub
612 3084 773 3148 scientiam
789 3084 885 3147 cadit.
924 3087 1006 3148 Nam
1023 3089 1106 3151 sicut
1122 3092 1250 3172 Augus·

300 3191 385 3254 tinus
407 3202 439 3253 et
464 3189 496 3251 in
520 3186 706 3272 soliloquiis,
728 3199 761 3248 et
787 3199 895 3248 contra
920 3186 1140 3262 Academicos,
1162 3204 1194 3253 et
1221 3190 1252 3252 in

299 3291 461 3375 plerisque
483 3288 552 3352 aliis
578 3287 681 3361 docet,
703 3286 787 3350 inter
811 3308 921 3350 omnes
944 3300 1077 3366 veteres,
1099 3303 1132 3353 et
1157 3290 1252 3353 etiam

296 3389 380 3452 inter
395 3389 479 3473 ipsos
498 3387 705 3469 Academicos
720 3384 873 3461 constitit,
889 3390 971 3450 scire
983 3390 1079 3467 salsa
1093 3392 1253 3454 neminem

295 3509 391 3570 posse.
426 3488 602 3573 Siquidem,
614 3502 649 3552 ut
662 3487 772 3552 itidem
784 3502 894 3550 contra
905 3486 1113 3553 Academicos
1124 3495 1250 3567 astruit,

295 3610 401 3652 rerum
432 3590 594 3664 falsarum,
623 3591 770 3676 quoniam
801 3591 930 3652 omuino
957 3612 1018 3652 non
1050 3604 1137 3667 sunt,
1163 3592 1252 3655 nulia

296 3703 400 3775 potest
416 3713 482 3753 esse
501 3691 640 3754 scientia.
688 3692 752 3755 Ubi
777 3704 881 3755 autem
906 3689 1036 3776 quidam
1059 3692 1251 3778 interpretes

294 3790 457 3866 dixerunt,
472 3791 561 3874 quod
584 3805 668 3854 terra
689 3792 730 3855 ab
754 3790 846 3856 initio
868 3807 936 3855 erat
958 3792 1073 3867 inanis,
1089 3803 1122 3856 et
1137 3815 1250 3872 vacua,

294 3889 347 3954 aiii
363 3889 559 3975 interpretati
578 3904 662 3965 sunt,
677 3890 764 3976 quod
788 3890 866 3954 nihil
889 3905 957 3955 erat
979 3913 1037 3954 nec
1059 3895 1248 3978 composita.

296 3995 385 4077 Ergo
402 4015 508 4056 verum
527 4015 607 4055 vano
627 3992 783 4078 salsoque,
798 3992 948 4077 quoniam
971 3992 1055 4057 idem
1079 4005 1166 4072 sunt,
1181 3993 1251 4079 lege

294 4095 526 4160 contrarietatis
540 4095 723 4181 opponitur.
769 4098 838 4158 Nec
853 4117 982 4158 moveor
997 4094 1022 4158 si
1035 4117 1085 4159 res
1099 4095 1251 4173 existens,

294 4199 340 4262 rei
358 4222 419 4263 non
442 4199 593 4262 existenti
608 4208 803 4282 opponatur:
836 4219 936 4281 quum
955 4197 1014 4260 hoc
1029 4197 1136 4283 palam
1160 4199 1202 4262 sit
1217 4197 1250 4261 in

294 4300 545 4364 enunciabilibos
559 4321 633 4385 qoae
648 4297 892 4362 contradictorie
906 4313 1127 4383 opponuntur.
1166 4301 1250 4364 Nam

294 4399 481 4464 Aristoteles
496 4401 600 4479 docet,
614 4398 749 4462 aiterum
766 4421 875 4462 eorum
892 4422 959 4462 esse
974 4422 1111 4486 semper,
1125 4415 1158 4466 et
1174 4402 1253 4467 alte·
