<?xml version="1.0" encoding="UTF-8"?>
<!DOCTYPE html PUBLIC "-//W3C//DTD XHTML 1.0 Transitional//EN"
    "http://www.w3.org/TR/xhtml1/DTD/xhtml1-transitional.dtd">
<html xmlns="http://www.w3.org/1999/xhtml" xml:lang="en" lang="en">
 <head>
  <title>
</title>
<meta http-equiv="Content-Type" content="text/html;charset=utf-8" />
  <meta name='ocr-system' content='tesseract 3.04.00' />
  <meta name='ocr-capabilities' content='ocr_page ocr_carea ocr_par ocr_line ocrx_word'/>
</head>
<body>
  <div class='ocr_page' id='page_1' title='image "./joannissaresber15johngoog_0090.png"; bbox 0 0 2992 5592; ppageno 0'>
   <div class='ocr_carea' id='block_1_1' title="bbox 411 791 1359 872">
    <p class='ocr_par' dir='ltr' id='par_1_1' title="bbox 411 791 1359 872">
     <span class='ocr_line' id='line_1_1' title="bbox 411 791 1359 872; baseline 0.002 -19"><span class='ocrx_word' id='word_1_1' title='bbox 411 797 452 853; x_wconf 84' lang='grc'><strong>76</strong></span> <span class='ocrx_word' id='word_1_2' title='bbox 666 806 804 851; x_wconf 78' lang='lat' dir='ltr'><strong>roansrs</strong></span> <span class='ocrx_word' id='word_1_3' title='bbox 821 804 1101 851; x_wconf 74' lang='lat' dir='ltr'><strong>sraesaaaransrs</strong></span> <span class='ocrx_word' id='word_1_4' title='bbox 1226 791 1311 872; x_wconf 81' lang='lat' dir='ltr'><strong>[mn.</strong></span> <span class='ocrx_word' id='word_1_5' title='bbox 1325 810 1359 856; x_wconf 87' lang='lat' dir='ltr'><strong>n.</strong></span> 
     </span>
    </p>
   </div>
   <div class='ocr_carea' id='block_1_2' title="bbox 398 951 1362 3949">
    <p class='ocr_par' dir='ltr' id='par_1_2' title="bbox 514 951 1115 1025">
     <span class='ocr_line' id='line_1_2' title="bbox 514 951 1115 1025; baseline 0.003 -19"><span class='ocrx_word' id='word_1_6' title='bbox 514 955 572 1007; x_wconf 80' lang='lat' dir='ltr'><strong>Aut</strong></span> <span class='ocrx_word' id='word_1_7' title='bbox 582 954 703 1025; x_wconf 78' lang='lat' dir='ltr'><strong>prodesse</strong></span> <span class='ocrx_word' id='word_1_8' title='bbox 715 953 813 1016; x_wconf 82' lang='lat' dir='ltr'><strong>volunt,</strong></span> <span class='ocrx_word' id='word_1_9' title='bbox 824 959 870 1007; x_wconf 82' lang='lat' dir='ltr'><strong>aut</strong></span> <span class='ocrx_word' id='word_1_10' title='bbox 881 951 1010 1008; x_wconf 74' lang='lat' dir='ltr'>delectare</span> <span class='ocrx_word' id='word_1_11' title='bbox 1022 961 1115 1025; x_wconf 79' lang='lat' dir='ltr'><strong>poetae,</strong></span> 
     </span>
    </p>

    <p class='ocr_par' dir='ltr' id='par_1_3' title="bbox 515 1038 1160 1110">
     <span class='ocr_line' id='line_1_3' title="bbox 515 1038 1160 1110; baseline 0.003 -20"><span class='ocrx_word' id='word_1_12' title='bbox 515 1038 571 1090; x_wconf 79' lang='lat' dir='ltr'><strong>Ant</strong></span> <span class='ocrx_word' id='word_1_13' title='bbox 583 1038 659 1090; x_wconf 89' lang='lat' dir='ltr'><strong>simul</strong></span> <span class='ocrx_word' id='word_1_14' title='bbox 672 1045 699 1091; x_wconf 92' lang='lat' dir='ltr'><strong>et</strong></span> <span class='ocrx_word' id='word_1_15' title='bbox 705 1038 830 1110; x_wconf 85' lang='lat' dir='ltr'><strong>jucunda,</strong></span> <span class='ocrx_word' id='word_1_16' title='bbox 843 1044 870 1090; x_wconf 90' lang='lat' dir='ltr'><strong>et</strong></span> <span class='ocrx_word' id='word_1_17' title='bbox 881 1038 974 1091; x_wconf 85' lang='lat' dir='ltr'><strong>idonea</strong></span> <span class='ocrx_word' id='word_1_18' title='bbox 986 1039 1073 1092; x_wconf 83' lang='lat' dir='ltr'><strong>dicere</strong></span> <span class='ocrx_word' id='word_1_19' title='bbox 1084 1041 1160 1093; x_wconf 64' lang='lat' dir='ltr'><strong>vita:</strong></span> 
     </span>
    </p>

    <p class='ocr_par' dir='ltr' id='par_1_4' title="bbox 398 1122 1362 3949">
     <span class='ocr_line' id='line_1_4' title="bbox 514 1122 1144 1196; baseline 0 -20"><span class='ocrx_word' id='word_1_20' title='bbox 514 1124 600 1176; x_wconf 88' lang='lat' dir='ltr'><strong>Omne</strong></span> <span class='ocrx_word' id='word_1_21' title='bbox 611 1122 672 1176; x_wconf 89' lang='lat' dir='ltr'><strong>tulit</strong></span> <span class='ocrx_word' id='word_1_22' title='bbox 683 1129 806 1196; x_wconf 87' lang='lat' dir='ltr'><strong>punctum</strong></span> <span class='ocrx_word' id='word_1_23' title='bbox 818 1125 861 1191; x_wconf 88' lang='lat' dir='ltr'><strong>qni</strong></span> <span class='ocrx_word' id='word_1_24' title='bbox 874 1124 977 1176; x_wconf 83' lang='lat' dir='ltr'><strong>miscuit</strong></span> <span class='ocrx_word' id='word_1_25' title='bbox 988 1124 1052 1177; x_wconf 87' lang='lat' dir='ltr'><strong>utile</strong></span> <span class='ocrx_word' id='word_1_26' title='bbox 1063 1122 1144 1177; x_wconf 86' lang='lat' dir='ltr'><strong>dulei.</strong></span> 
     </span>
     <span class='ocr_line' id='line_1_5' title="bbox 410 1240 1359 1329; baseline 0.001 -22"><span class='ocrx_word' id='word_1_27' title='bbox 410 1244 455 1307; x_wconf 88' lang='lat' dir='ltr'><strong>Et</strong></span> <span class='ocrx_word' id='word_1_28' title='bbox 470 1240 711 1325; x_wconf 82' lang='lat' dir='ltr'><strong>multiloquium</strong></span> <span class='ocrx_word' id='word_1_29' title='bbox 725 1252 855 1326; x_wconf 76' lang='lat' dir='ltr'><strong>peccma</strong></span> <span class='ocrx_word' id='word_1_30' title='bbox 866 1244 1070 1306; x_wconf 79' lang='lat' dir='ltr'><strong>comitantur.</strong></span> <span class='ocrx_word' id='word_1_31' title='bbox 1102 1242 1244 1329; x_wconf 86' lang='lat' dir='ltr'><strong>Linguae</strong></span> <span class='ocrx_word' id='word_1_32' title='bbox 1256 1257 1359 1308; x_wconf 80' lang='lat' dir='ltr'><strong>autem</strong></span> 
     </span>
     <span class='ocr_line' id='line_1_6' title="bbox 409 1339 1362 1425; baseline 0.002 -20"><span class='ocrx_word' id='word_1_33' title='bbox 409 1341 595 1408; x_wconf 85' lang='lat' dir='ltr'><strong>volubilitas</strong></span> <span class='ocrx_word' id='word_1_34' title='bbox 610 1359 687 1404; x_wconf 89' lang='lat' dir='ltr'><strong>tune</strong></span> <span class='ocrx_word' id='word_1_35' title='bbox 702 1339 830 1403; x_wconf 90' lang='lat' dir='ltr'><strong>demum</strong></span> <span class='ocrx_word' id='word_1_36' title='bbox 848 1339 990 1425; x_wconf 83' lang='lat' dir='ltr'><strong>prodest,</strong></span> <span class='ocrx_word' id='word_1_37' title='bbox 1002 1341 1026 1404; x_wconf 91' lang='lat' dir='ltr'><strong>si</strong></span> <span class='ocrx_word' id='word_1_38' title='bbox 1039 1341 1080 1405; x_wconf 88' lang='lat' dir='ltr'><strong>ad</strong></span> <span class='ocrx_word' id='word_1_39' title='bbox 1097 1343 1287 1421; x_wconf 81' lang='lat' dir='ltr'><strong>sapientiam</strong></span> <span class='ocrx_word' id='word_1_40' title='bbox 1303 1343 1362 1407; x_wconf 85' lang='lat' dir='ltr'><strong>dis-</strong></span> 
     </span>
     <span class='ocr_line' id='line_1_7' title="bbox 410 1440 1362 1530; baseline 0 -23"><span class='ocrx_word' id='word_1_41' title='bbox 410 1456 568 1530; x_wconf 79' lang='lat' dir='ltr'><strong>ponatur:</strong></span> <span class='ocrx_word' id='word_1_42' title='bbox 597 1441 630 1505; x_wconf 91' lang='lat' dir='ltr'><strong>in</strong></span> <span class='ocrx_word' id='word_1_43' title='bbox 660 1440 724 1504; x_wconf 93' lang='lat' dir='ltr'><strong>udo</strong></span> <span class='ocrx_word' id='word_1_44' title='bbox 747 1440 830 1503; x_wconf 86' lang='lat' dir='ltr'><strong>enim</strong></span> <span class='ocrx_word' id='word_1_45' title='bbox 857 1453 919 1517; x_wconf 90' lang='lat' dir='ltr'><strong>est,</strong></span> <span class='ocrx_word' id='word_1_46' title='bbox 945 1454 977 1505; x_wconf 92' lang='lat' dir='ltr'><strong>et</strong></span> <span class='ocrx_word' id='word_1_47' title='bbox 1003 1443 1067 1506; x_wconf 87' lang='lat' dir='ltr'><strong>cito</strong></span> <span class='ocrx_word' id='word_1_48' title='bbox 1093 1441 1226 1508; x_wconf 82' lang='lat' dir='ltr'><strong>labitur.</strong></span> <span class='ocrx_word' id='word_1_49' title='bbox 1274 1443 1362 1508; x_wconf 85' lang='lat' dir='ltr'><strong>Licet</strong></span> 
     </span>
     <span class='ocr_line' id='line_1_8' title="bbox 410 1540 1360 1619; baseline -0.001 -11"><span class='ocrx_word' id='word_1_50' title='bbox 410 1558 516 1610; x_wconf 84' lang='lat' dir='ltr'><strong>autem</strong></span> <span class='ocrx_word' id='word_1_51' title='bbox 533 1543 574 1607; x_wconf 89' lang='lat' dir='ltr'><strong>sit</strong></span> <span class='ocrx_word' id='word_1_52' title='bbox 589 1542 766 1606; x_wconf 81' lang='lat' dir='ltr'><strong>membrum</strong></span> <span class='ocrx_word' id='word_1_53' title='bbox 782 1540 956 1619; x_wconf 89' lang='lat' dir='ltr'><strong>modicum,</strong></span> <span class='ocrx_word' id='word_1_54' title='bbox 966 1555 1067 1606; x_wconf 87' lang='lat' dir='ltr'><strong>rotam</strong></span> <span class='ocrx_word' id='word_1_55' title='bbox 1084 1543 1236 1607; x_wconf 75' lang='lat' dir='ltr'><strong>humanae</strong></span> <span class='ocrx_word' id='word_1_56' title='bbox 1250 1543 1360 1607; x_wconf 84' lang='lat' dir='ltr'><strong>nativi-</strong></span> 
     </span>
     <span class='ocr_line' id='line_1_9' title="bbox 410 1642 1360 1720; baseline -0.002 -10"><span class='ocrx_word' id='word_1_57' title='bbox 410 1645 486 1710; x_wconf 82' lang='lat' dir='ltr'><strong>tatis</strong></span> <span class='ocrx_word' id='word_1_58' title='bbox 501 1643 677 1719; x_wconf 72' lang='lat' dir='ltr'><strong>succendit,</strong></span> <span class='ocrx_word' id='word_1_59' title='bbox 697 1642 867 1707; x_wconf 88' lang='lat' dir='ltr'><strong>conturbat</strong></span> <span class='ocrx_word' id='word_1_60' title='bbox 883 1643 994 1719; x_wconf 88' lang='lat' dir='ltr'><strong>vitam,</strong></span> <span class='ocrx_word' id='word_1_61' title='bbox 1009 1657 1042 1708; x_wconf 88' lang='lat' dir='ltr'><strong>et</strong></span> <span class='ocrx_word' id='word_1_62' title='bbox 1063 1657 1167 1709; x_wconf 89' lang='lat' dir='ltr'><strong>totum</strong></span> <span class='ocrx_word' id='word_1_63' title='bbox 1191 1644 1360 1720; x_wconf 86' lang='lat' dir='ltr'><strong>hominem,</strong></span> 
     </span>
     <span class='ocr_line' id='line_1_10' title="bbox 410 1742 1359 1833; baseline 0 -23"><span class='ocrx_word' id='word_1_64' title='bbox 410 1746 470 1810; x_wconf 82' lang='lat' dir='ltr'><strong>nisi</strong></span> <span class='ocrx_word' id='word_1_65' title='bbox 487 1744 709 1809; x_wconf 77' lang='lat' dir='ltr'><strong>moderationis</strong></span> <span class='ocrx_word' id='word_1_66' title='bbox 725 1742 852 1808; x_wconf 88' lang='lat' dir='ltr'><strong>vinculo</strong></span> <span class='ocrx_word' id='word_1_67' title='bbox 866 1743 1067 1822; x_wconf 79' lang='lat' dir='ltr'><strong>refraenatur,</strong></span> <span class='ocrx_word' id='word_1_68' title='bbox 1078 1745 1145 1829; x_wconf 83' lang='lat' dir='ltr'><strong>agit</strong></span> <span class='ocrx_word' id='word_1_69' title='bbox 1161 1745 1193 1809; x_wconf 92' lang='lat' dir='ltr'><strong>in</strong></span> <span class='ocrx_word' id='word_1_70' title='bbox 1210 1767 1359 1833; x_wconf 80' lang='lat' dir='ltr'><strong>praecepa.</strong></span> 
     </span>
     <span class='ocr_line' id='line_1_11' title="bbox 411 1844 1360 1931; baseline 0 -21"><span class='ocrx_word' id='word_1_71' title='bbox 411 1847 496 1925; x_wconf 85' lang='lat' dir='ltr'><strong>Quid</strong></span> <span class='ocrx_word' id='word_1_72' title='bbox 512 1860 617 1912; x_wconf 87' lang='lat' dir='ltr'><strong>autem</strong></span> <span class='ocrx_word' id='word_1_73' title='bbox 633 1844 762 1931; x_wconf 87' lang='lat' dir='ltr'><strong>prodest</strong></span> <span class='ocrx_word' id='word_1_74' title='bbox 784 1844 838 1909; x_wconf 91' lang='lat' dir='ltr'><strong>illa</strong></span> <span class='ocrx_word' id='word_1_75' title='bbox 858 1847 892 1907; x_wconf 83' lang='lat' dir='ltr'><strong>ia</strong></span> <span class='ocrx_word' id='word_1_76' title='bbox 906 1845 1044 1908; x_wconf 76' lang='lat' dir='ltr'><strong>archivis</strong></span> <span class='ocrx_word' id='word_1_77' title='bbox 1062 1848 1235 1922; x_wconf 75' lang='lat' dir='ltr'><strong>memoriae,</strong></span> <span class='ocrx_word' id='word_1_78' title='bbox 1257 1869 1360 1911; x_wconf 88' lang='lat' dir='ltr'><strong>renon-</strong></span> 
     </span>
     <span class='ocr_line' id='line_1_12' title="bbox 409 1944 1360 2033; baseline 0.004 -21"><span class='ocrx_word' id='word_1_79' title='bbox 409 1948 504 2024; x_wconf 91' lang='lat' dir='ltr'><strong>disse,</strong></span> <span class='ocrx_word' id='word_1_80' title='bbox 524 1968 661 2033; x_wconf 88' lang='lat' dir='ltr'><strong>quorum</strong></span> <span class='ocrx_word' id='word_1_81' title='bbox 682 1944 791 2009; x_wconf 89' lang='lat' dir='ltr'><strong>nullus</strong></span> <span class='ocrx_word' id='word_1_82' title='bbox 810 1962 856 2012; x_wconf 91' lang='lat' dir='ltr'><strong>est</strong></span> <span class='ocrx_word' id='word_1_83' title='bbox 876 1951 977 2011; x_wconf 86' lang='lat' dir='ltr'><strong>usus?</strong></span> <span class='ocrx_word' id='word_1_84' title='bbox 1016 1947 1103 2012; x_wconf 89' lang='lat' dir='ltr'><strong>Sient</strong></span> <span class='ocrx_word' id='word_1_85' title='bbox 1122 1948 1206 2012; x_wconf 89' lang='lat' dir='ltr'><strong>enim</strong></span> <span class='ocrx_word' id='word_1_86' title='bbox 1228 1949 1360 2017; x_wconf 77' lang='lat' dir='ltr'><strong>delam</strong></span> 
     </span>
     <span class='ocr_line' id='line_1_13' title="bbox 408 2044 1360 2135; baseline 0 -23"><span class='ocrx_word' id='word_1_87' title='bbox 408 2048 537 2132; x_wconf 87' lang='lat' dir='ltr'><strong>caprina</strong></span> <span class='ocrx_word' id='word_1_88' title='bbox 551 2044 741 2110; x_wconf 88' lang='lat' dir='ltr'><strong>contendere</strong></span> <span class='ocrx_word' id='word_1_89' title='bbox 761 2045 966 2111; x_wconf 87' lang='lat' dir='ltr'><strong>inofficiosum</strong></span> <span class='ocrx_word' id='word_1_90' title='bbox 987 2060 1045 2121; x_wconf 86' lang='lat' dir='ltr'><strong>est,</strong></span> <span class='ocrx_word' id='word_1_91' title='bbox 1062 2047 1105 2111; x_wconf 85' lang='lat' dir='ltr'><strong>sic</strong></span> <span class='ocrx_word' id='word_1_92' title='bbox 1121 2071 1158 2112; x_wconf 86' lang='lat' dir='ltr'><strong>ea</strong></span> <span class='ocrx_word' id='word_1_93' title='bbox 1173 2072 1250 2135; x_wconf 85' lang='lat' dir='ltr'><strong>quae</strong></span> <span class='ocrx_word' id='word_1_94' title='bbox 1264 2049 1360 2114; x_wconf 91' lang='lat' dir='ltr'><strong>inuti-</strong></span> 
     </span>
     <span class='ocr_line' id='line_1_14' title="bbox 408 2146 1360 2236; baseline 0.003 -25"><span class='ocrx_word' id='word_1_95' title='bbox 408 2147 481 2212; x_wconf 89' lang='lat' dir='ltr'><strong>liter</strong></span> <span class='ocrx_word' id='word_1_96' title='bbox 501 2146 720 2232; x_wconf 82' lang='lat' dir='ltr'><strong>proieruntur,</strong></span> <span class='ocrx_word' id='word_1_97' title='bbox 735 2146 956 2212; x_wconf 87' lang='lat' dir='ltr'><strong>commendare</strong></span> <span class='ocrx_word' id='word_1_98' title='bbox 976 2149 1149 2225; x_wconf 78' lang='lat' dir='ltr'><strong>memoriae,</strong></span> <span class='ocrx_word' id='word_1_99' title='bbox 1164 2149 1309 2236; x_wconf 89' lang='lat' dir='ltr'><strong>ineptum</strong></span> <span class='ocrx_word' id='word_1_100' title='bbox 1329 2163 1360 2214; x_wconf 89' lang='lat' dir='ltr'><strong>et</strong></span> 
     </span>
     <span class='ocr_line' id='line_1_15' title="bbox 408 2247 1360 2335; baseline 0.004 -23"><span class='ocrx_word' id='word_1_101' title='bbox 408 2247 613 2312; x_wconf 88' lang='lat' dir='ltr'><strong>indiscretum</strong></span> <span class='ocrx_word' id='word_1_102' title='bbox 643 2259 701 2310; x_wconf 86' lang='lat' dir='ltr'><strong>est.</strong></span> <span class='ocrx_word' id='word_1_103' title='bbox 759 2248 840 2324; x_wconf 85' lang='lat' dir='ltr'><strong>Quis</strong></span> <span class='ocrx_word' id='word_1_104' title='bbox 874 2270 1016 2335; x_wconf 89' lang='lat' dir='ltr'><strong>unquam</strong></span> <span class='ocrx_word' id='word_1_105' title='bbox 1052 2249 1179 2316; x_wconf 89' lang='lat' dir='ltr'><strong>inutilia</strong></span> <span class='ocrx_word' id='word_1_106' title='bbox 1213 2250 1302 2329; x_wconf 83' lang='lat' dir='ltr'><strong>tolia,</strong></span> <span class='ocrx_word' id='word_1_107' title='bbox 1329 2264 1360 2317; x_wconf 89' lang='lat' dir='ltr'><strong>et</strong></span> 
     </span>
     <span class='ocr_line' id='line_1_16' title="bbox 408 2346 1359 2435; baseline 0 -22"><span class='ocrx_word' id='word_1_108' title='bbox 408 2348 520 2413; x_wconf 85' lang='lat' dir='ltr'><strong>aristas</strong></span> <span class='ocrx_word' id='word_1_109' title='bbox 548 2346 764 2415; x_wconf 84' lang='lat' dir='ltr'><strong>thesaurisans</strong></span> <span class='ocrx_word' id='word_1_110' title='bbox 793 2352 962 2433; x_wconf 83' lang='lat' dir='ltr'><strong>congessit,</strong></span> <span class='ocrx_word' id='word_1_111' title='bbox 986 2362 1023 2413; x_wconf 91' lang='lat' dir='ltr'><strong>ut</strong></span> <span class='ocrx_word' id='word_1_112' title='bbox 1053 2348 1170 2435; x_wconf 86' lang='lat' dir='ltr'><strong>opibus</strong></span> <span class='ocrx_word' id='word_1_113' title='bbox 1195 2349 1359 2415; x_wconf 82' lang='lat' dir='ltr'><strong>abundet?</strong></span> 
     </span>
     <span class='ocr_line' id='line_1_17' title="bbox 408 2446 1357 2534; baseline 0 -21"><span class='ocrx_word' id='word_1_114' title='bbox 408 2447 573 2513; x_wconf 85' lang='lat' dir='ltr'><strong>Debuerat</strong></span> <span class='ocrx_word' id='word_1_115' title='bbox 590 2446 783 2512; x_wconf 88' lang='lat' dir='ltr'><strong>Aristoteles</strong></span> <span class='ocrx_word' id='word_1_116' title='bbox 796 2447 877 2510; x_wconf 89' lang='lat' dir='ltr'><strong>hanc</strong></span> <span class='ocrx_word' id='word_1_117' title='bbox 895 2447 1125 2532; x_wconf 85' lang='lat' dir='ltr'><strong>compescuisse</strong></span> <span class='ocrx_word' id='word_1_118' title='bbox 1140 2449 1357 2534; x_wconf 89' lang='lat' dir='ltr'><strong>intemperiem</strong></span> 
     </span>
     <span class='ocr_line' id='line_1_18' title="bbox 407 2547 1359 2635; baseline 0 -21"><span class='ocrx_word' id='word_1_119' title='bbox 407 2571 529 2624; x_wconf 90' lang='lat' dir='ltr'><strong>eorum,</strong></span> <span class='ocrx_word' id='word_1_120' title='bbox 545 2547 601 2635; x_wconf 85' lang='lat' dir='ltr'><strong>qui</strong></span> <span class='ocrx_word' id='word_1_121' title='bbox 624 2547 830 2614; x_wconf 88' lang='lat' dir='ltr'><strong>indiscretam</strong></span> <span class='ocrx_word' id='word_1_122' title='bbox 851 2547 1090 2634; x_wconf 86' lang='lat' dir='ltr'><strong>loquacitatem,</strong></span> <span class='ocrx_word' id='word_1_123' title='bbox 1108 2547 1286 2614; x_wconf 76' lang='lat' dir='ltr'><strong>dialecticae</strong></span> <span class='ocrx_word' id='word_1_124' title='bbox 1305 2573 1359 2614; x_wconf 80' lang='lat' dir='ltr'><strong>ex·</strong></span> 
     </span>
     <span class='ocr_line' id='line_1_19' title="bbox 406 2648 1357 2737; baseline -0.004 -22"><span class='ocrx_word' id='word_1_125' title='bbox 406 2650 550 2715; x_wconf 87' lang='lat' dir='ltr'><strong>ereitium</strong></span> <span class='ocrx_word' id='word_1_126' title='bbox 563 2660 690 2737; x_wconf 89' lang='lat' dir='ltr'><strong>putant.</strong></span> <span class='ocrx_word' id='word_1_127' title='bbox 728 2650 773 2713; x_wconf 87' lang='lat' dir='ltr'><strong>Et</strong></span> <span class='ocrx_word' id='word_1_128' title='bbox 789 2671 863 2713; x_wconf 86' lang='lat' dir='ltr'><strong>sane</strong></span> <span class='ocrx_word' id='word_1_129' title='bbox 878 2664 1127 2736; x_wconf 81' lang='lat' dir='ltr'><strong>compescuerat,</strong></span> <span class='ocrx_word' id='word_1_130' title='bbox 1140 2648 1165 2713; x_wconf 89' lang='lat' dir='ltr'><strong>si</strong></span> <span class='ocrx_word' id='word_1_131' title='bbox 1181 2649 1357 2714; x_wconf 89' lang='lat' dir='ltr'><strong>audiretur.</strong></span> 
     </span>
     <span class='ocr_line' id='line_1_20' title="bbox 406 2749 1357 2836; baseline -0.002 -18"><span class='ocrx_word' id='word_1_132' title='bbox 406 2754 486 2818; x_wconf 82' lang='lat' dir='ltr'><strong>Noa</strong></span> <span class='ocrx_word' id='word_1_133' title='bbox 514 2759 645 2836; x_wconf 70' lang='lat' dir='ltr'><strong>oportet,</strong></span> <span class='ocrx_word' id='word_1_134' title='bbox 675 2749 793 2835; x_wconf 86' lang='lat' dir='ltr'><strong>inquit,</strong></span> <span class='ocrx_word' id='word_1_135' title='bbox 822 2772 915 2815; x_wconf 83' lang='lat' dir='ltr'><strong>omae</strong></span> <span class='ocrx_word' id='word_1_136' title='bbox 947 2753 1121 2834; x_wconf 83' lang='lat' dir='ltr'><strong>problema,</strong></span> <span class='ocrx_word' id='word_1_137' title='bbox 1148 2772 1209 2816; x_wconf 82' lang='lat' dir='ltr'><strong>mee</strong></span> <span class='ocrx_word' id='word_1_138' title='bbox 1236 2772 1357 2816; x_wconf 85' lang='lat' dir='ltr'><strong>omnem</strong></span> 
     </span>
     <span class='ocr_line' id='line_1_21' title="bbox 401 2854 1359 2937; baseline 0.001 -21"><span class='ocrx_word' id='word_1_139' title='bbox 401 2857 601 2937; x_wconf 74' lang='lat' dir='ltr'><strong>poeitiam,</strong></span> <span class='ocrx_word' id='word_1_140' title='bbox 621 2854 834 2928; x_wconf 76' lang='lat' dir='ltr'><strong>oonsiderare,</strong></span> <span class='ocrx_word' id='word_1_141' title='bbox 859 2854 915 2916; x_wconf 88' lang='lat' dir='ltr'><strong>aed</strong></span> <span class='ocrx_word' id='word_1_142' title='bbox 938 2875 1036 2935; x_wconf 80' lang='lat' dir='ltr'><strong>quam</strong></span> <span class='ocrx_word' id='word_1_143' title='bbox 1059 2854 1221 2917; x_wconf 82' lang='lat' dir='ltr'><strong>dubitabit</strong></span> <span class='ocrx_word' id='word_1_144' title='bbox 1243 2855 1359 2935; x_wconf 79' lang='lat' dir='ltr'><strong>aliquia</strong></span> 
     </span>
     <span class='ocr_line' id='line_1_22' title="bbox 405 2956 1358 3038; baseline -0.001 -19"><span class='ocrx_word' id='word_1_145' title='bbox 405 2957 544 3020; x_wconf 81' lang='lat' dir='ltr'><strong>rationis</strong></span> <span class='ocrx_word' id='word_1_146' title='bbox 565 2957 739 3037; x_wconf 82' lang='lat' dir='ltr'><strong>egentium,</strong></span> <span class='ocrx_word' id='word_1_147' title='bbox 762 2962 794 3018; x_wconf 92' lang='lat' dir='ltr'><strong>et</strong></span> <span class='ocrx_word' id='word_1_148' title='bbox 813 2975 931 3037; x_wconf 81' lang='lat' dir='ltr'><strong>poenoe,</strong></span> <span class='ocrx_word' id='word_1_149' title='bbox 952 2958 1146 3020; x_wconf 73' lang='lat' dir='ltr'><strong>oetaeum.</strong></span> <span class='ocrx_word' id='word_1_150' title='bbox 1191 2956 1282 3019; x_wconf 87' lang='lat' dir='ltr'><strong>Nam</strong></span> <span class='ocrx_word' id='word_1_151' title='bbox 1302 2957 1358 3038; x_wconf 81' lang='lat' dir='ltr'><strong>qui</strong></span> 
     </span>
     <span class='ocr_line' id='line_1_23' title="bbox 404 3056 1358 3138; baseline 0.001 -20"><span class='ocrx_word' id='word_1_152' title='bbox 404 3056 556 3120; x_wconf 80' lang='lat' dir='ltr'><strong>dubitant</strong></span> <span class='ocrx_word' id='word_1_153' title='bbox 566 3064 679 3119; x_wconf 86' lang='lat' dir='ltr'><strong>utrum</strong></span> <span class='ocrx_word' id='word_1_154' title='bbox 691 3062 834 3138; x_wconf 85' lang='lat' dir='ltr'><strong>oporteat</strong></span> <span class='ocrx_word' id='word_1_155' title='bbox 844 3056 930 3118; x_wconf 86' lang='lat' dir='ltr'><strong>Deos</strong></span> <span class='ocrx_word' id='word_1_156' title='bbox 938 3058 1051 3135; x_wconf 81' lang='lat' dir='ltr'><strong>uereri,</strong></span> <span class='ocrx_word' id='word_1_157' title='bbox 1059 3064 1091 3119; x_wconf 92' lang='lat' dir='ltr'><strong>et</strong></span> <span class='ocrx_word' id='word_1_158' title='bbox 1101 3063 1256 3138; x_wconf 82' lang='lat' dir='ltr'><strong>parentes</strong></span> <span class='ocrx_word' id='word_1_159' title='bbox 1266 3057 1358 3119; x_wconf 75' lang='lat' dir='ltr'><strong>hono·</strong></span> 
     </span>
     <span class='ocr_line' id='line_1_24' title="bbox 404 3157 1357 3239; baseline 0.003 -23"><span class='ocrx_word' id='word_1_160' title='bbox 404 3177 490 3237; x_wconf 81' lang='lat' dir='ltr'><strong>rare,</strong></span> <span class='ocrx_word' id='word_1_161' title='bbox 503 3159 554 3221; x_wconf 82' lang='lat' dir='ltr'><strong>aet</strong></span> <span class='ocrx_word' id='word_1_162' title='bbox 566 3177 644 3236; x_wconf 84' lang='lat' dir='ltr'><strong>aon,</strong></span> <span class='ocrx_word' id='word_1_163' title='bbox 660 3176 772 3239; x_wconf 83' lang='lat' dir='ltr'><strong>poenoe</strong></span> <span class='ocrx_word' id='word_1_164' title='bbox 792 3157 948 3238; x_wconf 81' lang='lat' dir='ltr'><strong>indigent.</strong></span> <span class='ocrx_word' id='word_1_165' title='bbox 995 3158 1061 3230; x_wconf 83' lang='lat' dir='ltr'><strong>Qui</strong></span> <span class='ocrx_word' id='word_1_166' title='bbox 1080 3177 1152 3220; x_wconf 82' lang='lat' dir='ltr'><strong>uero</strong></span> <span class='ocrx_word' id='word_1_167' title='bbox 1170 3164 1284 3220; x_wconf 87' lang='lat' dir='ltr'><strong>atrum</strong></span> <span class='ocrx_word' id='word_1_168' title='bbox 1299 3159 1357 3220; x_wconf 79' lang='lat' dir='ltr'><strong>nia</strong></span> 
     </span>
     <span class='ocr_line' id='line_1_25' title="bbox 403 3258 1356 3342; baseline 0 -21"><span class='ocrx_word' id='word_1_169' title='bbox 403 3259 479 3322; x_wconf 80' lang='lat' dir='ltr'><strong>alba</strong></span> <span class='ocrx_word' id='word_1_170' title='bbox 501 3266 558 3339; x_wconf 81' lang='lat' dir='ltr'><strong>eat,</strong></span> <span class='ocrx_word' id='word_1_171' title='bbox 572 3261 623 3323; x_wconf 85' lang='lat' dir='ltr'><strong>oet</strong></span> <span class='ocrx_word' id='word_1_172' title='bbox 640 3281 719 3338; x_wconf 81' lang='lat' dir='ltr'><strong>non,</strong></span> <span class='ocrx_word' id='word_1_173' title='bbox 738 3280 859 3323; x_wconf 74' lang='lat' dir='ltr'><strong>aeneus.</strong></span> <span class='ocrx_word' id='word_1_174' title='bbox 904 3258 1020 3340; x_wconf 81' lang='lat' dir='ltr'><strong>Neque</strong></span> <span class='ocrx_word' id='word_1_175' title='bbox 1040 3279 1114 3322; x_wconf 82' lang='lat' dir='ltr'><strong>aero</strong></span> <span class='ocrx_word' id='word_1_176' title='bbox 1128 3280 1265 3341; x_wconf 82' lang='lat' dir='ltr'><strong>quorum</strong></span> <span class='ocrx_word' id='word_1_177' title='bbox 1283 3280 1356 3342; x_wconf 84' lang='lat' dir='ltr'><strong>pro-</strong></span> 
     </span>
     <span class='ocr_line' id='line_1_26' title="bbox 398 3361 1353 3443; baseline 0.005 -23"><span class='ocrx_word' id='word_1_178' title='bbox 398 3362 527 3440; x_wconf 84' lang='lat' dir='ltr'><strong>pinqua</strong></span> <span class='ocrx_word' id='word_1_179' title='bbox 541 3369 588 3422; x_wconf 84' lang='lat' dir='ltr'><strong>cst</strong></span> <span class='ocrx_word' id='word_1_180' title='bbox 603 3361 841 3439; x_wconf 83' lang='lat' dir='ltr'><strong>demonstratio,</strong></span> <span class='ocrx_word' id='word_1_181' title='bbox 855 3380 958 3442; x_wconf 82' lang='lat' dir='ltr'><strong>neque</strong></span> <span class='ocrx_word' id='word_1_182' title='bbox 974 3380 1111 3440; x_wconf 80' lang='lat' dir='ltr'><strong>quorum</strong></span> <span class='ocrx_word' id='word_1_183' title='bbox 1131 3361 1226 3424; x_wconf 83' lang='lat' dir='ltr'><strong>ualde</strong></span> <span class='ocrx_word' id='word_1_184' title='bbox 1242 3361 1353 3443; x_wconf 77' lang='lat' dir='ltr'><strong>longe:</strong></span> 
     </span>
     <span class='ocr_line' id='line_1_27' title="bbox 400 3461 1354 3541; baseline 0.006 -21"><span class='ocrx_word' id='word_1_185' title='bbox 400 3479 479 3520; x_wconf 80' lang='lat' dir='ltr'><strong>mam</strong></span> <span class='ocrx_word' id='word_1_186' title='bbox 489 3461 559 3521; x_wconf 77' lang='lat' dir='ltr'><strong>ioee</strong></span> <span class='ocrx_word' id='word_1_187' title='bbox 569 3461 697 3540; x_wconf 83' lang='lat' dir='ltr'><strong>quidem</strong></span> <span class='ocrx_word' id='word_1_188' title='bbox 711 3480 778 3522; x_wconf 82' lang='lat' dir='ltr'><strong>non</strong></span> <span class='ocrx_word' id='word_1_189' title='bbox 789 3463 907 3524; x_wconf 76' lang='lat' dir='ltr'><strong>habent</strong></span> <span class='ocrx_word' id='word_1_190' title='bbox 921 3461 1166 3541; x_wconf 74' lang='lat' dir='ltr'><strong>dubitationem,</strong></span> <span class='ocrx_word' id='word_1_191' title='bbox 1177 3461 1237 3523; x_wconf 84' lang='lat' dir='ltr'><strong>illa</strong></span> <span class='ocrx_word' id='word_1_192' title='bbox 1248 3469 1354 3526; x_wconf 77' lang='lat' dir='ltr'><strong>autem</strong></span> 
     </span>
     <span class='ocr_line' id='line_1_28' title="bbox 399 3561 1353 3641; baseline 0.003 -21"><span class='ocrx_word' id='word_1_193' title='bbox 399 3562 513 3640; x_wconf 81' lang='lat' dir='ltr'><strong>magis,</strong></span> <span class='ocrx_word' id='word_1_194' title='bbox 542 3581 638 3641; x_wconf 84' lang='lat' dir='ltr'><strong>quom</strong></span> <span class='ocrx_word' id='word_1_195' title='bbox 668 3562 845 3624; x_wconf 85' lang='lat' dir='ltr'><strong>seeundum</strong></span> <span class='ocrx_word' id='word_1_196' title='bbox 874 3565 1122 3629; x_wconf 80' lang='lat' dir='ltr'><strong>erereitatioam.</strong></span> <span class='ocrx_word' id='word_1_197' title='bbox 1178 3563 1263 3626; x_wconf 84' lang='lat' dir='ltr'><strong>Hoee</strong></span> <span class='ocrx_word' id='word_1_198' title='bbox 1291 3561 1353 3626; x_wconf 90' lang='lat' dir='ltr'><strong>ille.</strong></span> 
     </span>
     <span class='ocr_line' id='line_1_29' title="bbox 402 3659 1353 3750; baseline 0.001 -27"><span class='ocrx_word' id='word_1_199' title='bbox 402 3659 464 3723; x_wconf 88' lang='lat' dir='ltr'><strong>Sed</strong></span> <span class='ocrx_word' id='word_1_200' title='bbox 487 3659 544 3740; x_wconf 91' lang='lat' dir='ltr'><strong>illi,</strong></span> <span class='ocrx_word' id='word_1_201' title='bbox 567 3682 605 3723; x_wconf 91' lang='lat' dir='ltr'><strong>eo</strong></span> <span class='ocrx_word' id='word_1_202' title='bbox 631 3660 824 3739; x_wconf 82' lang='lat' dir='ltr'><strong>inconsulto,</strong></span> <span class='ocrx_word' id='word_1_203' title='bbox 846 3662 911 3726; x_wconf 92' lang='lat' dir='ltr'><strong>imo</strong></span> <span class='ocrx_word' id='word_1_204' title='bbox 935 3675 967 3728; x_wconf 91' lang='lat' dir='ltr'><strong>et</strong></span> <span class='ocrx_word' id='word_1_205' title='bbox 992 3663 1194 3749; x_wconf 90' lang='lat' dir='ltr'><strong>prohibente,</strong></span> <span class='ocrx_word' id='word_1_206' title='bbox 1220 3682 1353 3750; x_wconf 82' lang='lat' dir='ltr'><strong>semper,</strong></span> 
     </span>
     <span class='ocr_line' id='line_1_30' title="bbox 400 3758 1355 3862; baseline 0.003 -41"><span class='ocrx_word' id='word_1_207' title='bbox 400 3758 532 3844; x_wconf 88' lang='lat' dir='ltr'><strong>ubique,</strong></span> <span class='ocrx_word' id='word_1_208' title='bbox 552 3775 583 3825; x_wconf 86' lang='lat' dir='ltr'><strong>et</strong></span> <span class='ocrx_word' id='word_1_209' title='bbox 605 3761 647 3825; x_wconf 87' lang='lat' dir='ltr'><strong>de</strong></span> <span class='ocrx_word' id='word_1_210' title='bbox 666 3763 817 3826; x_wconf 91' lang='lat' dir='ltr'><strong>omnibus</strong></span> <span class='ocrx_word' id='word_1_211' title='bbox 836 3786 928 3849; x_wconf 87' lang='lat' dir='ltr'><strong>aeque</strong></span> <span class='ocrx_word' id='word_1_212' title='bbox 952 3762 1138 3850; x_wconf 84' lang='lat' dir='ltr'><strong>disputant:</strong></span> <span class='ocrx_word' id='word_1_213' title='bbox 1170 3761 1255 3828; x_wconf 85' lang='lat' dir='ltr'><strong>forte</strong></span> <span class='ocrx_word' id='word_1_214' title='bbox 1279 3761 1355 3862; x_wconf 79' lang='lat' dir='ltr'><strong>quia¹</strong></span> 
     </span>
     <span class='ocr_line' id='line_1_31' title="bbox 399 3861 956 3949; baseline -0.002 -25"><span class='ocrx_word' id='word_1_215' title='bbox 399 3861 547 3926; x_wconf 90' lang='lat' dir='ltr'><strong>notitiam</strong></span> <span class='ocrx_word' id='word_1_216' title='bbox 562 3864 703 3929; x_wconf 88' lang='lat' dir='ltr'><strong>omnium</strong></span> <span class='ocrx_word' id='word_1_217' title='bbox 719 3887 812 3949; x_wconf 83' lang='lat' dir='ltr'><strong>aeque</strong></span> <span class='ocrx_word' id='word_1_218' title='bbox 826 3862 956 3928; x_wconf 86' lang='lat' dir='ltr'><strong>babent.</strong></span> 
     </span>
    </p>
   </div>
   <div class='ocr_carea' id='block_1_3' title="bbox 410 4063 1345 4250">
    <p class='ocr_par' dir='ltr' id='par_1_5' title="bbox 410 4063 1345 4250">
     <span class='ocr_line' id='line_1_32' title="bbox 410 4063 1345 4152; baseline 0.004 -25"><span class='ocrx_word' id='word_1_219' title='bbox 410 4063 489 4147; x_wconf 89' lang='lat' dir='ltr'><strong>Cap.</strong></span> <span class='ocrx_word' id='word_1_220' title='bbox 505 4064 536 4131; x_wconf 89' lang='lat'><strong>9.</strong></span> <span class='ocrx_word' id='word_1_221' title='bbox 567 4067 660 4138; x_wconf 88' lang='lat' dir='ltr'><strong>Quod</strong></span> <span class='ocrx_word' id='word_1_222' title='bbox 688 4068 832 4152; x_wconf 68' lang='lat' dir='ltr'><strong>inefficax</strong></span> <span class='ocrx_word' id='word_1_223' title='bbox 859 4072 907 4129; x_wconf 85' lang='lat' dir='ltr'><strong>est</strong></span> <span class='ocrx_word' id='word_1_224' title='bbox 935 4067 1114 4143; x_wconf 84' lang='lat' dir='ltr'><strong>dialectiea,</strong></span> <span class='ocrx_word' id='word_1_225' title='bbox 1144 4072 1175 4132; x_wconf 83' lang='lat' dir='ltr'><strong>ai</strong></span> <span class='ocrx_word' id='word_1_226' title='bbox 1203 4070 1345 4134; x_wconf 64' lang='lat' dir='ltr'><strong>alianum</strong></span> 
     </span>
     <span class='ocr_line' id='line_1_33' title="bbox 569 4167 1183 4250; baseline 0.007 -22"><span class='ocrx_word' id='word_1_227' title='bbox 569 4168 813 4250; x_wconf 77' lang='lat' dir='ltr'><strong>disciplinarum</strong></span> <span class='ocrx_word' id='word_1_228' title='bbox 828 4167 1022 4229; x_wconf 83' lang='lat' dir='ltr'><strong>destituatur</strong></span> <span class='ocrx_word' id='word_1_229' title='bbox 1034 4168 1183 4232; x_wconf 82' lang='lat' dir='ltr'><strong>subsidio.</strong></span> 
     </span>
    </p>
   </div>
   <div class='ocr_carea' id='block_1_4' title="bbox 396 4306 1355 4497">
    <p class='ocr_par' dir='ltr' id='par_1_6' title="bbox 396 4306 1355 4497">
     <span class='ocr_line' id='line_1_34' title="bbox 440 4306 1354 4391; baseline 0.012 -26"><span class='ocrx_word' id='word_1_230' title='bbox 440 4306 691 4375; x_wconf 73' lang='lat' dir='ltr'><strong>anouasrrau</strong></span> <span class='ocrx_word' id='word_1_231' title='bbox 712 4307 779 4368; x_wconf 81' lang='lat' dir='ltr'><strong>sine</strong></span> <span class='ocrx_word' id='word_1_232' title='bbox 797 4308 953 4387; x_wconf 81' lang='lat' dir='ltr'><strong>sapientia</strong></span> <span class='ocrx_word' id='word_1_233' title='bbox 976 4329 1038 4370; x_wconf 84' lang='lat' dir='ltr'><strong>non</strong></span> <span class='ocrx_word' id='word_1_234' title='bbox 1052 4311 1215 4391; x_wconf 79' lang='lat' dir='ltr'><strong>prodesse,</strong></span> <span class='ocrx_word' id='word_1_235' title='bbox 1234 4314 1354 4380; x_wconf 85' lang='lat' dir='ltr'><strong>celebre</strong></span> 
     </span>
     <span class='ocr_line' id='line_1_35' title="bbox 396 4405 1355 4497; baseline 0.016 -33"><span class='ocrx_word' id='word_1_236' title='bbox 396 4414 455 4480; x_wconf 89' lang='lat' dir='ltr'><strong>est,</strong></span> <span class='ocrx_word' id='word_1_237' title='bbox 469 4417 500 4466; x_wconf 88' lang='lat' dir='ltr'><strong>ct</strong></span> <span class='ocrx_word' id='word_1_238' title='bbox 518 4426 646 4469; x_wconf 85' lang='lat' dir='ltr'><strong>verum:</strong></span> <span class='ocrx_word' id='word_1_239' title='bbox 670 4405 755 4470; x_wconf 87' lang='lat' dir='ltr'><strong>unde</strong></span> <span class='ocrx_word' id='word_1_240' title='bbox 771 4408 882 4493; x_wconf 85' lang='lat' dir='ltr'><strong>ipsam,</strong></span> <span class='ocrx_word' id='word_1_241' title='bbox 898 4423 934 4474; x_wconf 93' lang='lat' dir='ltr'><strong>ut</strong></span> <span class='ocrx_word' id='word_1_242' title='bbox 947 4411 1059 4495; x_wconf 87' lang='lat' dir='ltr'><strong>prosit,</strong></span> <span class='ocrx_word' id='word_1_243' title='bbox 1075 4434 1095 4475; x_wconf 91' lang='lat' dir='ltr'><strong>a</strong></span> <span class='ocrx_word' id='word_1_244' title='bbox 1110 4413 1272 4497; x_wconf 82' lang='lat' dir='ltr'><strong>sapientie</strong></span> <span class='ocrx_word' id='word_1_245' title='bbox 1286 4436 1355 4480; x_wconf 64' lang='lat' dir='ltr'><strong>con.</strong></span> 
     </span>
    </p>
   </div>
   <div class='ocr_carea' id='block_1_5' title="bbox 0 0 1500 5592">
    <p class='ocr_par' dir='ltr' id='par_1_7' title="bbox 0 0 1500 5592">
     <span class='ocr_line' id='line_1_36' title="bbox 0 0 1500 5592; baseline 0 3"><span class='ocrx_word' id='word_1_246' title='bbox 0 0 1500 5592; x_wconf 95' lang='lat' dir='ltr'><strong> </strong></span> 
     </span>
    </p>
   </div>
  </div>
 </body>
</html>
