2992 5592
170 804 242 852 etr.
257 788 401 868 xxxv11.]
539 805 779 854 stasanoorcos.
1066 797 1126 856 19⁷

171 958 231 1023 bus
246 958 412 1023 veritatem
429 970 498 1023 toto
513 972 642 1043 pectore
662 959 862 1043 depreeatur.
907 962 991 1025 Haec
1009 960 1123 1045 utique

167 1059 296 1124 aliunde
319 1082 381 1123 non
409 1062 567 1145 provenit,
590 1085 687 1146 quam
713 1062 739 1124 si
763 1061 872 1147 aliqua
898 1061 983 1125 stilla
1004 1061 1122 1127 divinae

167 1162 341 1249 sapientiae,
358 1184 415 1248 per
429 1164 543 1248 gratiae
564 1163 788 1249 eliquationem
805 1167 939 1249 seipsam
961 1164 1122 1246 infundat,

165 1273 197 1328 et
220 1277 359 1328 mentem
385 1287 418 1327 se
443 1266 618 1350 quaerentis
641 1280 673 1330 et
700 1265 834 1329 amantis
858 1265 1007 1330 illustret.
1053 1268 1122 1332 Ista

165 1365 324 1452 siquidem
351 1378 399 1429 est
426 1367 516 1451 virgo
547 1368 687 1442 fontana,
715 1367 802 1431 unde
830 1367 1011 1431 Martianus
1038 1393 1120 1454 prae·

164 1470 291 1533 missam
307 1470 418 1534 asserit
434 1492 562 1534 mantare
578 1470 753 1535 veritatem.
798 1468 888 1532 Nihil
904 1470 987 1534 enim
1004 1472 1120 1535 veraci-

164 1582 212 1634 ter
231 1571 411 1647 innotescit,
427 1572 487 1636 nisi
507 1573 547 1636 de
570 1571 763 1656 scaturigine
785 1571 881 1634 fontis
902 1570 1009 1656 hujus.
1056 1571 1120 1636 Sed

162 1695 218 1736 uec
243 1672 377 1759 aliquod
404 1673 520 1738 falsum
547 1674 622 1738 inde
648 1686 785 1749 emanat,
809 1672 961 1759 quoniam
987 1674 1119 1739 fontana

162 1773 228 1851 illa,
249 1798 345 1862 quam
368 1777 486 1861 poetici
511 1776 596 1839 nube
619 1775 763 1858 figmenti
786 1774 931 1852 involvit,
947 1774 1038 1860 virgo
1059 1788 1119 1852 est,

163 1888 195 1939 et
211 1876 312 1941 totius
327 1877 542 1962 corruptionis
557 1888 589 1940 et
605 1875 753 1941 falsitatis
768 1874 886 1959 ignara.

180 2177 261 2265 Cap.
277 2186 330 2245 37.
354 2184 554 2268 Differcmioe
569 2202 675 2245 corum
691 2203 757 2264 quae
775 2205 844 2247 rere
857 2192 949 2260 sunt,
963 2193 993 2247 et
1008 2205 1079 2266 quc

320 2284 474 2346 videntur
488 2306 561 2364 esse,
576 2286 751 2348 secundum
768 2287 958 2350 Platonicos.

204 2415 327 2478 Omxns
341 2427 449 2479 autem
471 2439 530 2496 res,
545 2416 662 2480 dirinae
683 2417 893 2502 simplicitatis
907 2418 1020 2482 oculus
1039 2439 1113 2482 con-

162 2515 345 2602 templatur,
373 2529 410 2580 ut
440 2517 467 2580 ei
499 2541 555 2580 nec
584 2519 697 2583 futura
725 2520 841 2597 desint,
866 2543 923 2583 nec
951 2520 1115 2606 praeterita
1142 2601 1144 2606 Ι

162 2616 340 2683 elabantur·
386 2622 621 2684 Cohaerentiam
646 2645 765 2699 rerum,
785 2634 818 2685 et
838 2621 1112 2685 discohaerentiam

159 2733 281 2804 pensat,
297 2733 328 2784 et
345 2733 409 2783 tam
426 2720 466 2782 de
482 2721 520 2782 iis
538 2735 713 2804 quaesunt,
730 2744 823 2806 quam
846 2720 886 2783 de
901 2721 940 2784 iis
959 2744 1034 2806 quae
1049 2743 1112 2784 non

160 2834 243 2901 sunt,
258 2836 381 2886 certum
402 2834 435 2885 ct
456 2821 549 2884 fidele
572 2835 696 2885 exercet
715 2823 895 2907 judicium:
923 2834 955 2886 et
978 2846 1050 2908 quae
1071 2823 1112 2887 ab

157 2919 248 2988 initio
264 2923 354 3001 vidit,
369 2923 445 3008 quia
464 2945 526 2985 uon
547 2938 750 3003 evanescunt,
765 2925 859 2989 firma
880 2939 966 3000 sunt,
982 2937 1013 2987 et
1036 2946 1112 2988 vera

157 3023 323 3088 dicuntur.
373 3026 438 3086 Hm
469 3024 582 3108 utique
612 3038 686 3087 sunt
710 3025 920 3109 cogitationes
942 3025 1109 3103 Altissimi,

156 3147 294 3213 quarum
311 3124 563 3209 profunditatem
579 3147 671 3187 nemo
689 3126 803 3189 sufficit
820 3126 996 3211 explicare:
1029 3129 1110 3192 Haec

154 3227 264 3306 verba,
279 3248 354 3312 quae
375 3225 469 3289 semel
490 3225 578 3290 dicta
597 3241 683 3307 sunt,
698 3228 752 3290 sed
776 3249 923 3313 processu
948 3230 1112 3314 temporis,

154 3351 214 3414 pro
229 3328 348 3392 divinae
364 3328 582 3414 dispositionis
604 3327 743 3406 decreto,
759 3330 791 3392 in
814 3343 920 3393 actum
936 3331 1109 3416 prodeunt.

157 3429 239 3504 Quis
259 3444 397 3494 mentem
422 3430 481 3494 Dei
505 3429 623 3494 dixerit
646 3432 790 3507 otiosam,
814 3449 846 3496 et
867 3453 930 3496 uon
952 3435 994 3498 ab
1015 3434 1108 3499 initio

155 3532 260 3595 omnia
281 3532 549 3618 contemplatam?
583 3533 615 3596 Si
638 3555 714 3617 ergo
736 3557 821 3610 vera,
845 3535 936 3621 quasi
959 3537 1105 3622 quaedam

155 3634 295 3717 cogitata
321 3633 384 3697 Dei
415 3644 507 3698 sunt:
542 3635 615 3719 quis
639 3635 705 3712 illa,
732 3637 791 3701 nisi
820 3654 1107 3726 praesumptuosus,

154 3732 355 3800 affirmaverit
370 3740 574 3799 evanescere?
599 3752 655 3802 aut
667 3738 740 3824 quis
751 3763 788 3803 ea
799 3762 860 3804 non
874 3765 996 3830 semper
1008 3743 1106 3808 fuisse

154 3837 185 3898 in
209 3851 313 3900 mente
336 3839 417 3923 ejus,
435 3837 491 3923 qui
515 3839 556 3902 ab
579 3853 697 3904 aeterno
719 3843 866 3908 universa
885 3844 1055 3930 disposuit,
1072 3857 1104 3908 et

151 3935 251 4009 scivit,
265 3937 382 4002 audeat
399 3939 560 4023 profiteri?
584 3943 741 4029 Nunquid
758 3958 790 4008 et
805 3945 857 4008 ille
873 3968 969 4009 novae
985 3946 1105 4029 cogita-

153 4039 252 4101 tiones
266 4039 416 4123 concipit,
432 4054 464 4104 et
480 4061 560 4104 nova
575 4066 661 4105 more
680 4057 788 4108 nostro
803 4046 862 4109 init
877 4045 1029 4109 consilia?
1057 4047 1102 4106 Et
1139 4094 1141 4098 .

151 4136 223 4202 licet
240 4138 307 4202 haec
322 4140 363 4202 al>
383 4154 502 4205 aeterno
520 4142 640 4209 fuerint
662 4168 746 4222 vera,
764 4168 825 4208 non
850 4158 954 4209 tamen
977 4143 1101 4228 aliquid

151 4241 284 4304 creatori
304 4241 421 4305 dicitur
444 4257 656 4308 coaeternum:
685 4246 773 4330 quia,
790 4260 825 4309 ut
849 4246 970 4308 dictum
986 4259 1045 4318 est,
1061 4244 1103 4308 ad

151 4342 342 4426 parilitatem
366 4346 435 4430 ejus
457 4346 536 4409 nihil
560 4347 686 4409 omnino
711 4368 901 4428 consurgere
924 4358 1041 4429 potest,
1064 4347 1103 4409 si·

149 4442 277 4528 quidem
300 4444 399 4529 ipsius
422 4460 484 4523 est,
502 4461 536 4512 ut
560 4448 629 4510 hoec
649 4449 719 4532 ipsa
740 4468 814 4509 vera
836 4447 909 4523 sint,
925 4460 981 4509 aut
1004 4462 1100 4514 certo.
