<?xml version="1.0" encoding="UTF-8"?>
<!DOCTYPE html PUBLIC "-//W3C//DTD XHTML 1.0 Transitional//EN"
    "http://www.w3.org/TR/xhtml1/DTD/xhtml1-transitional.dtd">
<html xmlns="http://www.w3.org/1999/xhtml" xml:lang="en" lang="en">
 <head>
  <title>
</title>
<meta http-equiv="Content-Type" content="text/html;charset=utf-8" />
  <meta name='ocr-system' content='tesseract 3.04.00' />
  <meta name='ocr-capabilities' content='ocr_page ocr_carea ocr_par ocr_line ocrx_word'/>
</head>
<body>
  <div class='ocr_page' id='page_1' title='image "./joannissaresber15johngoog_0185.png"; bbox 0 0 2992 5592; ppageno 0'>
   <div class='ocr_carea' id='block_1_1' title="bbox 270 801 1219 899">
    <p class='ocr_par' dir='ltr' id='par_1_1' title="bbox 270 801 1219 899">
     <span class='ocr_line' id='line_1_1' title="bbox 270 801 1219 899; baseline 0.003 -30"><span class='ocrx_word' id='word_1_1' title='bbox 270 801 425 899; x_wconf 69' lang='lat' dir='ltr'>canan]</span> <span class='ocrx_word' id='word_1_2' title='bbox 611 821 854 871; x_wconf 79' lang='lat' dir='ltr'>uarntoorcns.</span> <span class='ocrx_word' id='word_1_3' title='bbox 1161 811 1219 872; x_wconf 81' lang='lat'>171</span> 
     </span>
    </p>
   </div>
   <div class='ocr_carea' id='block_1_2' title="bbox 265 972 1222 1369">
    <p class='ocr_par' dir='ltr' id='par_1_2' title="bbox 265 972 1222 1369">
     <span class='ocr_line' id='line_1_2' title="bbox 268 972 1219 1060; baseline 0.001 -20"><span class='ocrx_word' id='word_1_4' title='bbox 268 986 316 1040; x_wconf 81' lang='lat' dir='ltr'>est</span> <span class='ocrx_word' id='word_1_5' title='bbox 331 972 516 1060; x_wconf 86' lang='lat' dir='ltr'>philologia,</span> <span class='ocrx_word' id='word_1_6' title='bbox 528 972 610 1037; x_wconf 83' lang='lat' dir='ltr'>sicut</span> <span class='ocrx_word' id='word_1_7' title='bbox 630 972 842 1060; x_wconf 82' lang='lat' dir='ltr'>philosophia,</span> <span class='ocrx_word' id='word_1_8' title='bbox 858 995 970 1039; x_wconf 89' lang='lat' dir='ltr'>nornen</span> <span class='ocrx_word' id='word_1_9' title='bbox 988 986 1219 1060; x_wconf 88' lang='lat' dir='ltr'>temperatum:</span> 
     </span>
     <span class='ocr_line' id='line_1_3' title="bbox 268 1074 1222 1163; baseline 0 -22"><span class='ocrx_word' id='word_1_10' title='bbox 268 1076 347 1163; x_wconf 88' lang='lat' dir='ltr'>quia</span> <span class='ocrx_word' id='word_1_11' title='bbox 361 1074 444 1140; x_wconf 85' lang='lat' dir='ltr'>sicut</span> <span class='ocrx_word' id='word_1_12' title='bbox 459 1088 621 1162; x_wconf 89' lang='lat' dir='ltr'>appetere,</span> <span class='ocrx_word' id='word_1_13' title='bbox 637 1097 733 1161; x_wconf 87' lang='lat' dir='ltr'>quam</span> <span class='ocrx_word' id='word_1_14' title='bbox 748 1074 874 1151; x_wconf 91' lang='lat' dir='ltr'>babere,</span> <span class='ocrx_word' id='word_1_15' title='bbox 885 1076 1080 1160; x_wconf 79' lang='lat' dir='ltr'>sapientiam,</span> <span class='ocrx_word' id='word_1_16' title='bbox 1095 1077 1222 1142; x_wconf 74' lang='lat' dir='ltr'><strong>facilius</strong></span> 
     </span>
     <span class='ocr_line' id='line_1_4' title="bbox 265 1175 1221 1264; baseline -0.001 -19"><span class='ocrx_word' id='word_1_17' title='bbox 265 1192 326 1258; x_wconf 79' lang='lat' dir='ltr'>cst,</span> <span class='ocrx_word' id='word_1_18' title='bbox 337 1175 498 1242; x_wconf 67' lang='lat' dir='ltr'>sicumare</span> <span class='ocrx_word' id='word_1_19' title='bbox 509 1176 651 1263; x_wconf 91' lang='lat' dir='ltr'>quidem,</span> <span class='ocrx_word' id='word_1_20' title='bbox 661 1199 758 1264; x_wconf 92' lang='lat' dir='ltr'>quam</span> <span class='ocrx_word' id='word_1_21' title='bbox 769 1199 914 1241; x_wconf 86' lang='lat' dir='ltr'>exercere</span> <span class='ocrx_word' id='word_1_22' title='bbox 926 1178 1089 1244; x_wconf 88' lang='lat' dir='ltr'>rationem.</span> <span class='ocrx_word' id='word_1_23' title='bbox 1121 1180 1221 1244; x_wconf 83' lang='lat' dir='ltr'><strong>Ratio</strong></span> 
     </span>
     <span class='ocr_line' id='line_1_5' title="bbox 265 1280 1199 1369; baseline -0.003 -21"><span class='ocrx_word' id='word_1_24' title='bbox 265 1281 363 1358; x_wconf 89' lang='lat' dir='ltr'>enim,</span> <span class='ocrx_word' id='word_1_25' title='bbox 378 1280 412 1345; x_wconf 90' lang='lat' dir='ltr'>id</span> <span class='ocrx_word' id='word_1_26' title='bbox 428 1295 476 1347; x_wconf 89' lang='lat' dir='ltr'>est</span> <span class='ocrx_word' id='word_1_27' title='bbox 488 1285 614 1346; x_wconf 77' lang='lat' dir='ltr'>sincera</span> <span class='ocrx_word' id='word_1_28' title='bbox 622 1282 934 1364; x_wconf 76' lang='lat' dir='ltr'>judiciifirmt&#39;tudo,</span> <span class='ocrx_word' id='word_1_29' title='bbox 950 1305 1123 1369; x_wconf 88' lang='lat' dir='ltr'>paucorum</span> <span class='ocrx_word' id='word_1_30' title='bbox 1139 1294 1199 1347; x_wconf 85' lang='lat' dir='ltr'>est.</span> 
     </span>
    </p>
   </div>
   <div class='ocr_carea' id='block_1_3' title="bbox 267 1551 1223 1741">
    <p class='ocr_par' dir='ltr' id='par_1_3' title="bbox 267 1551 1223 1741">
     <span class='ocr_line' id='line_1_6' title="bbox 267 1551 1223 1642; baseline -0.001 -22"><span class='ocrx_word' id='word_1_31' title='bbox 267 1551 349 1642; x_wconf 85' lang='lat' dir='ltr'>Gap.</span> <span class='ocrx_word' id='word_1_32' title='bbox 375 1559 424 1619; x_wconf 77' lang='lat'>15.</span> <span class='ocrx_word' id='word_1_33' title='bbox 451 1553 537 1619; x_wconf 87' lang='lat' dir='ltr'>Item</span> <span class='ocrx_word' id='word_1_34' title='bbox 560 1554 639 1636; x_wconf 74' lang='lat' dir='ltr'>qnid</span> <span class='ocrx_word' id='word_1_35' title='bbox 659 1554 769 1631; x_wconf 81' lang='lat' dir='ltr'>Ratio,</span> <span class='ocrx_word' id='word_1_36' title='bbox 792 1564 823 1620; x_wconf 86' lang='lat' dir='ltr'>et</span> <span class='ocrx_word' id='word_1_37' title='bbox 844 1557 930 1638; x_wconf 80' lang='lat' dir='ltr'>quod</span> <span class='ocrx_word' id='word_1_38' title='bbox 954 1574 1065 1618; x_wconf 81' lang='lat' dir='ltr'>nomen</span> <span class='ocrx_word' id='word_1_39' title='bbox 1087 1557 1223 1619; x_wconf 77' lang='lat' dir='ltr'>rationis</span> 
     </span>
     <span class='ocr_line' id='line_1_7' title="bbox 346 1655 1134 1741; baseline -0.003 -19"><span class='ocrx_word' id='word_1_40' title='bbox 346 1655 520 1740; x_wconf 74' lang='lat' dir='ltr'><strong><em>multiplex</em></strong></span> <span class='ocrx_word' id='word_1_41' title='bbox 533 1663 601 1720; x_wconf 80' lang='lat' dir='ltr'>cst:</span> <span class='ocrx_word' id='word_1_42' title='bbox 624 1664 656 1721; x_wconf 86' lang='lat' dir='ltr'>et</span> <span class='ocrx_word' id='word_1_43' title='bbox 670 1659 757 1738; x_wconf 82' lang='lat' dir='ltr'>quod</span> <span class='ocrx_word' id='word_1_44' title='bbox 771 1660 913 1721; x_wconf 71' lang='lat' dir='ltr'>rationes</span> <span class='ocrx_word' id='word_1_45' title='bbox 926 1659 1134 1741; x_wconf 68' lang='lat' dir='ltr'>sempiternae.</span> 
     </span>
    </p>
   </div>
   <div class='ocr_carea' id='block_1_4' title="bbox 266 1787 1226 4505">
    <p class='ocr_par' dir='ltr' id='par_1_4' title="bbox 266 1787 1226 4505">
     <span class='ocr_line' id='line_1_8' title="bbox 310 1787 1222 1876; baseline 0 -20"><span class='ocrx_word' id='word_1_46' title='bbox 310 1793 431 1856; x_wconf 74' lang='lat' dir='ltr'>Auula</span> <span class='ocrx_word' id='word_1_47' title='bbox 453 1788 566 1876; x_wconf 88' lang='lat' dir='ltr'>itaque</span> <span class='ocrx_word' id='word_1_48' title='bbox 588 1787 716 1875; x_wconf 87' lang='lat' dir='ltr'>pulsata</span> <span class='ocrx_word' id='word_1_49' title='bbox 731 1790 889 1865; x_wconf 78' lang='lat' dir='ltr'>sensibus,</span> <span class='ocrx_word' id='word_1_50' title='bbox 905 1801 938 1854; x_wconf 89' lang='lat' dir='ltr'>et</span> <span class='ocrx_word' id='word_1_51' title='bbox 952 1789 1133 1876; x_wconf 75' lang='lat' dir='ltr'>prudentior</span> <span class='ocrx_word' id='word_1_52' title='bbox 1148 1790 1222 1856; x_wconf 89' lang='lat' dir='ltr'>aoli-</span> 
     </span>
     <span class='ocr_line' id='line_1_9' title="bbox 266 1889 1222 1978; baseline 0 -20"><span class='ocrx_word' id='word_1_53' title='bbox 266 1889 412 1958; x_wconf 81' lang='lat' dir='ltr'>citudine</span> <span class='ocrx_word' id='word_1_54' title='bbox 425 1889 563 1956; x_wconf 83' lang='lat' dir='ltr'>validius</span> <span class='ocrx_word' id='word_1_55' title='bbox 573 1911 738 1968; x_wconf 90' lang='lat' dir='ltr'>concussa,</span> <span class='ocrx_word' id='word_1_56' title='bbox 752 1892 887 1977; x_wconf 82' lang='lat' dir='ltr'>seipsam</span> <span class='ocrx_word' id='word_1_57' title='bbox 898 1891 1222 1978; x_wconf 84' lang='lat' dir='ltr'>exerit,collectisque</span> 
     </span>
     <span class='ocr_line' id='line_1_10' title="bbox 266 1990 1222 2080; baseline 0.001 -22"><span class='ocrx_word' id='word_1_58' title='bbox 266 1990 300 2059; x_wconf 89' lang='lat' dir='ltr'>iu</span> <span class='ocrx_word' id='word_1_59' title='bbox 315 2012 417 2057; x_wconf 87' lang='lat' dir='ltr'>unum</span> <span class='ocrx_word' id='word_1_60' title='bbox 432 1990 567 2070; x_wconf 83' lang='lat' dir='ltr'>viribus,</span> <span class='ocrx_word' id='word_1_61' title='bbox 582 1991 674 2056; x_wconf 88' lang='lat' dir='ltr'>dolos</span> <span class='ocrx_word' id='word_1_62' title='bbox 688 2014 851 2071; x_wconf 88' lang='lat' dir='ltr'>sensuum,</span> <span class='ocrx_word' id='word_1_63' title='bbox 861 2007 894 2059; x_wconf 91' lang='lat' dir='ltr'>et</span> <span class='ocrx_word' id='word_1_64' title='bbox 904 1991 1102 2080; x_wconf 86' lang='lat' dir='ltr'>opinionum,</span> <span class='ocrx_word' id='word_1_65' title='bbox 1112 1993 1222 2060; x_wconf 85' lang='lat' dir='ltr'>studet</span> 
     </span>
     <span class='ocr_line' id='line_1_11' title="bbox 266 2091 1226 2183; baseline 0.001 -23"><span class='ocrx_word' id='word_1_66' title='bbox 266 2091 420 2160; x_wconf 84' lang='lat' dir='ltr'>intentius</span> <span class='ocrx_word' id='word_1_67' title='bbox 428 2091 597 2158; x_wconf 87' lang='lat' dir='ltr'>declinare.</span> <span class='ocrx_word' id='word_1_68' title='bbox 643 2095 709 2158; x_wconf 87' lang='lat' dir='ltr'>Sua</span> <span class='ocrx_word' id='word_1_69' title='bbox 724 2116 800 2158; x_wconf 82' lang='lat' dir='ltr'>vero</span> <span class='ocrx_word' id='word_1_70' title='bbox 808 2095 993 2174; x_wconf 87' lang='lat' dir='ltr'>intentione,</span> <span class='ocrx_word' id='word_1_71' title='bbox 1006 2096 1226 2183; x_wconf 84' lang='lat' dir='ltr'>perspicacius</span> 
     </span>
     <span class='ocr_line' id='line_1_12' title="bbox 266 2193 1222 2281; baseline 0.004 -21"><span class='ocrx_word' id='word_1_72' title='bbox 266 2193 367 2274; x_wconf 85' lang='lat' dir='ltr'>ridet,</span> <span class='ocrx_word' id='word_1_73' title='bbox 381 2193 505 2260; x_wconf 82' lang='lat' dir='ltr'>firmius</span> <span class='ocrx_word' id='word_1_74' title='bbox 520 2206 618 2272; x_wconf 89' lang='lat' dir='ltr'>tenet,</span> <span class='ocrx_word' id='word_1_75' title='bbox 633 2208 665 2260; x_wconf 89' lang='lat' dir='ltr'>et</span> <span class='ocrx_word' id='word_1_76' title='bbox 685 2195 837 2262; x_wconf 82' lang='lat' dir='ltr'>sincerius</span> <span class='ocrx_word' id='word_1_77' title='bbox 846 2196 984 2281; x_wconf 91' lang='lat' dir='ltr'>judicat.</span> <span class='ocrx_word' id='word_1_78' title='bbox 1028 2201 1074 2265; x_wconf 88' lang='lat' dir='ltr'>Et</span> <span class='ocrx_word' id='word_1_79' title='bbox 1089 2198 1158 2265; x_wconf 81' lang='lat' dir='ltr'>baec</span> <span class='ocrx_word' id='word_1_80' title='bbox 1173 2210 1222 2264; x_wconf 89' lang='lat' dir='ltr'>est</span> 
     </span>
     <span class='ocr_line' id='line_1_13' title="bbox 266 2295 1222 2387; baseline 0.002 -25"><span class='ocrx_word' id='word_1_81' title='bbox 266 2295 327 2375; x_wconf 81' lang='lat' dir='ltr'>ris,</span> <span class='ocrx_word' id='word_1_82' title='bbox 342 2319 416 2383; x_wconf 81' lang='lat' dir='ltr'>qnae</span> <span class='ocrx_word' id='word_1_83' title='bbox 429 2297 513 2364; x_wconf 88' lang='lat' dir='ltr'>ratio</span> <span class='ocrx_word' id='word_1_84' title='bbox 527 2296 729 2364; x_wconf 89' lang='lat' dir='ltr'>nominatur:</span> <span class='ocrx_word' id='word_1_85' title='bbox 755 2299 911 2384; x_wconf 87' lang='lat' dir='ltr'>siquidem</span> <span class='ocrx_word' id='word_1_86' title='bbox 924 2299 1006 2364; x_wconf 89' lang='lat' dir='ltr'>ratio</span> <span class='ocrx_word' id='word_1_87' title='bbox 1019 2317 1067 2367; x_wconf 90' lang='lat' dir='ltr'>est</span> <span class='ocrx_word' id='word_1_88' title='bbox 1079 2299 1222 2387; x_wconf 90' lang='lat' dir='ltr'>potentia</span> 
     </span>
     <span class='ocr_line' id='line_1_14' title="bbox 268 2399 1222 2492; baseline 0.002 -28"><span class='ocrx_word' id='word_1_89' title='bbox 268 2399 445 2486; x_wconf 76' lang='lat' dir='ltr'>spiritualis</span> <span class='ocrx_word' id='word_1_90' title='bbox 469 2414 604 2477; x_wconf 76' lang='lat' dir='ltr'>naturae,</span> <span class='ocrx_word' id='word_1_91' title='bbox 631 2399 800 2466; x_wconf 82' lang='lat' dir='ltr'>discretiva</span> <span class='ocrx_word' id='word_1_92' title='bbox 824 2425 930 2468; x_wconf 88' lang='lat' dir='ltr'>rerum</span> <span class='ocrx_word' id='word_1_93' title='bbox 953 2402 1165 2492; x_wconf 77' lang='lat' dir='ltr'>corporalium</span> <span class='ocrx_word' id='word_1_94' title='bbox 1188 2414 1222 2466; x_wconf 92' lang='lat' dir='ltr'>et</span> 
     </span>
     <span class='ocr_line' id='line_1_15' title="bbox 267 2500 1222 2591; baseline 0.001 -25"><span class='ocrx_word' id='word_1_95' title='bbox 267 2500 525 2588; x_wconf 76' lang='lat' dir='ltr'>incorporalium,</span> <span class='ocrx_word' id='word_1_96' title='bbox 548 2525 624 2588; x_wconf 79' lang='lat' dir='ltr'>quas</span> <span class='ocrx_word' id='word_1_97' title='bbox 645 2525 697 2568; x_wconf 88' lang='lat' dir='ltr'>res</span> <span class='ocrx_word' id='word_1_98' title='bbox 718 2505 843 2591; x_wconf 86' lang='lat' dir='ltr'>appetit</span> <span class='ocrx_word' id='word_1_99' title='bbox 864 2505 957 2571; x_wconf 85' lang='lat' dir='ltr'>firmo</span> <span class='ocrx_word' id='word_1_100' title='bbox 976 2518 1008 2570; x_wconf 92' lang='lat' dir='ltr'>et</span> <span class='ocrx_word' id='word_1_101' title='bbox 1024 2505 1145 2570; x_wconf 87' lang='lat' dir='ltr'>sincero</span> <span class='ocrx_word' id='word_1_102' title='bbox 1166 2527 1222 2568; x_wconf 83' lang='lat' dir='ltr'>ex-</span> 
     </span>
     <span class='ocr_line' id='line_1_16' title="bbox 268 2603 1222 2693; baseline -0.001 -23"><span class='ocrx_word' id='word_1_103' title='bbox 268 2604 408 2670; x_wconf 84' lang='lat' dir='ltr'>aminare</span> <span class='ocrx_word' id='word_1_104' title='bbox 439 2603 573 2691; x_wconf 88' lang='lat' dir='ltr'>judicio.</span> <span class='ocrx_word' id='word_1_105' title='bbox 634 2605 748 2691; x_wconf 89' lang='lat' dir='ltr'>Ipsum</span> <span class='ocrx_word' id='word_1_106' title='bbox 781 2630 910 2693; x_wconf 86' lang='lat' dir='ltr'>quoque</span> <span class='ocrx_word' id='word_1_107' title='bbox 941 2605 1099 2693; x_wconf 88' lang='lat' dir='ltr'>judicium</span> <span class='ocrx_word' id='word_1_108' title='bbox 1140 2605 1222 2693; x_wconf 88' lang='lat' dir='ltr'>ejus,</span> 
     </span>
     <span class='ocr_line' id='line_1_17' title="bbox 269 2705 1222 2774; baseline 0.001 -3"><span class='ocrx_word' id='word_1_109' title='bbox 269 2720 416 2771; x_wconf 81' lang='lat' dir='ltr'>censetur</span> <span class='ocrx_word' id='word_1_110' title='bbox 437 2706 563 2772; x_wconf 89' lang='lat' dir='ltr'>nomine</span> <span class='ocrx_word' id='word_1_111' title='bbox 580 2705 720 2772; x_wconf 89' lang='lat' dir='ltr'>rationis.</span> <span class='ocrx_word' id='word_1_112' title='bbox 767 2707 830 2772; x_wconf 87' lang='lat' dir='ltr'>Sed</span> <span class='ocrx_word' id='word_1_113' title='bbox 847 2721 878 2773; x_wconf 89' lang='lat' dir='ltr'>et</span> <span class='ocrx_word' id='word_1_114' title='bbox 893 2707 948 2774; x_wconf 84' lang='lat' dir='ltr'>illa</span> <span class='ocrx_word' id='word_1_115' title='bbox 962 2719 1130 2772; x_wconf 85' lang='lat' dir='ltr'>censentur</span> <span class='ocrx_word' id='word_1_116' title='bbox 1144 2706 1222 2772; x_wconf 89' lang='lat' dir='ltr'>rati-</span> 
     </span>
     <span class='ocr_line' id='line_1_18' title="bbox 270 2807 1224 2896; baseline -0.002 -24"><span class='ocrx_word' id='word_1_117' title='bbox 270 2830 356 2889; x_wconf 89' lang='lat' dir='ltr'>ones,</span> <span class='ocrx_word' id='word_1_118' title='bbox 370 2807 412 2872; x_wconf 92' lang='lat' dir='ltr'>de</span> <span class='ocrx_word' id='word_1_119' title='bbox 426 2807 546 2894; x_wconf 83' lang='lat' dir='ltr'>quibus</span> <span class='ocrx_word' id='word_1_120' title='bbox 559 2808 624 2873; x_wconf 88' lang='lat' dir='ltr'>sola</span> <span class='ocrx_word' id='word_1_121' title='bbox 639 2809 721 2873; x_wconf 87' lang='lat' dir='ltr'>ratio</span> <span class='ocrx_word' id='word_1_122' title='bbox 731 2810 869 2896; x_wconf 91' lang='lat' dir='ltr'>judicat,</span> <span class='ocrx_word' id='word_1_123' title='bbox 880 2822 911 2875; x_wconf 88' lang='lat' dir='ltr'>et</span> <span class='ocrx_word' id='word_1_124' title='bbox 923 2830 1062 2896; x_wconf 91' lang='lat' dir='ltr'>quorum</span> <span class='ocrx_word' id='word_1_125' title='bbox 1077 2807 1224 2888; x_wconf 88' lang='lat' dir='ltr'>essentia,</span> 
     </span>
     <span class='ocr_line' id='line_1_19' title="bbox 269 2907 1222 2998; baseline 0.001 -24"><span class='ocrx_word' id='word_1_126' title='bbox 269 2931 289 2974; x_wconf 91' lang='lat' dir='ltr'>a</span> <span class='ocrx_word' id='word_1_127' title='bbox 316 2908 513 2975; x_wconf 75' lang='lat' dir='ltr'>sensibilium</span> <span class='ocrx_word' id='word_1_128' title='bbox 540 2907 815 2998; x_wconf 78' lang='lat' dir='ltr'>singulariumque</span> <span class='ocrx_word' id='word_1_129' title='bbox 841 2924 958 2977; x_wconf 88' lang='lat' dir='ltr'>natura</span> <span class='ocrx_word' id='word_1_130' title='bbox 979 2907 1141 2995; x_wconf 88' lang='lat' dir='ltr'>disjuncta</span> <span class='ocrx_word' id='word_1_131' title='bbox 1163 2926 1222 2975; x_wconf 73' lang='lat' dir='ltr'>est·</span> 
     </span>
     <span class='ocr_line' id='line_1_20' title="bbox 270 3010 1220 3099; baseline -0.004 -21"><span class='ocrx_word' id='word_1_132' title='bbox 270 3011 340 3078; x_wconf 80' lang='lat' dir='ltr'>Has</span> <span class='ocrx_word' id='word_1_133' title='bbox 362 3012 461 3077; x_wconf 89' lang='lat' dir='ltr'>Pater</span> <span class='ocrx_word' id='word_1_134' title='bbox 475 3014 689 3099; x_wconf 77' lang='lat' dir='ltr'>Augustinus,</span> <span class='ocrx_word' id='word_1_135' title='bbox 710 3013 849 3079; x_wconf 90' lang='lat' dir='ltr'>etmulti</span> <span class='ocrx_word' id='word_1_136' title='bbox 865 3011 929 3089; x_wconf 89' lang='lat' dir='ltr'>alii,</span> <span class='ocrx_word' id='word_1_137' title='bbox 945 3022 1089 3076; x_wconf 84' lang='lat' dir='ltr'>asserunt</span> <span class='ocrx_word' id='word_1_138' title='bbox 1104 3010 1220 3096; x_wconf 86' lang='lat' dir='ltr'>sempi-</span> 
     </span>
     <span class='ocr_line' id='line_1_21' title="bbox 270 3110 1223 3201; baseline -0.006 -19"><span class='ocrx_word' id='word_1_139' title='bbox 270 3129 384 3182; x_wconf 77' lang='lat' dir='ltr'>ternas.</span> <span class='ocrx_word' id='word_1_140' title='bbox 432 3116 515 3179; x_wconf 85' lang='lat' dir='ltr'>Haec</span> <span class='ocrx_word' id='word_1_141' title='bbox 527 3130 634 3179; x_wconf 88' lang='lat' dir='ltr'>autem</span> <span class='ocrx_word' id='word_1_142' title='bbox 652 3130 739 3191; x_wconf 87' lang='lat' dir='ltr'>sunt,</span> <span class='ocrx_word' id='word_1_143' title='bbox 751 3116 783 3179; x_wconf 93' lang='lat' dir='ltr'>in</span> <span class='ocrx_word' id='word_1_144' title='bbox 799 3115 919 3201; x_wconf 86' lang='lat' dir='ltr'>quibus</span> <span class='ocrx_word' id='word_1_145' title='bbox 933 3115 975 3179; x_wconf 93' lang='lat' dir='ltr'>ab</span> <span class='ocrx_word' id='word_1_146' title='bbox 989 3113 1093 3184; x_wconf 79' lang='lat' dir='ltr'>initio,</span> <span class='ocrx_word' id='word_1_147' title='bbox 1108 3125 1141 3177; x_wconf 91' lang='lat' dir='ltr'>et</span> <span class='ocrx_word' id='word_1_148' title='bbox 1156 3110 1223 3176; x_wconf 79' lang='lat' dir='ltr'>sino</span> 
     </span>
     <span class='ocr_line' id='line_1_22' title="bbox 269 3213 1223 3298; baseline -0.007 -15"><span class='ocrx_word' id='word_1_149' title='bbox 269 3216 371 3294; x_wconf 82' lang='lat' dir='ltr'>initio,</span> <span class='ocrx_word' id='word_1_150' title='bbox 387 3228 516 3284; x_wconf 79' lang='lat' dir='ltr'>aeternae</span> <span class='ocrx_word' id='word_1_151' title='bbox 530 3218 769 3282; x_wconf 87' lang='lat' dir='ltr'>constitutionis</span> <span class='ocrx_word' id='word_1_152' title='bbox 786 3217 960 3294; x_wconf 87' lang='lat' dir='ltr'>decretum,</span> <span class='ocrx_word' id='word_1_153' title='bbox 980 3229 1013 3281; x_wconf 90' lang='lat' dir='ltr'>et</span> <span class='ocrx_word' id='word_1_154' title='bbox 1028 3237 1094 3279; x_wconf 82' lang='lat' dir='ltr'>suae</span> <span class='ocrx_word' id='word_1_155' title='bbox 1117 3213 1223 3298; x_wconf 81' lang='lat' dir='ltr'>dispo-</span> 
     </span>
     <span class='ocr_line' id='line_1_23' title="bbox 269 3316 1224 3407; baseline -0.007 -22"><span class='ocrx_word' id='word_1_156' title='bbox 269 3318 390 3385; x_wconf 80' lang='lat' dir='ltr'>sitionis</span> <span class='ocrx_word' id='word_1_157' title='bbox 405 3320 516 3385; x_wconf 85' lang='lat' dir='ltr'>seriem</span> <span class='ocrx_word' id='word_1_158' title='bbox 539 3320 644 3384; x_wconf 81' lang='lat' dir='ltr'>sanxit</span> <span class='ocrx_word' id='word_1_159' title='bbox 658 3321 740 3384; x_wconf 90' lang='lat' dir='ltr'>ratio</span> <span class='ocrx_word' id='word_1_160' title='bbox 755 3319 928 3407; x_wconf 86' lang='lat' dir='ltr'>primitiva,</span> <span class='ocrx_word' id='word_1_161' title='bbox 942 3341 1040 3406; x_wconf 90' lang='lat' dir='ltr'>quam</span> <span class='ocrx_word' id='word_1_162' title='bbox 1057 3317 1082 3382; x_wconf 89' lang='lat' dir='ltr'>si</span> <span class='ocrx_word' id='word_1_163' title='bbox 1097 3316 1224 3394; x_wconf 87' lang='lat' dir='ltr'>dixero,</span> 
     </span>
     <span class='ocr_line' id='line_1_24' title="bbox 270 3417 1221 3506; baseline -0.004 -20"><span class='ocrx_word' id='word_1_164' title='bbox 270 3420 477 3503; x_wconf 78' lang='lat' dir='ltr'>Sapientiam</span> <span class='ocrx_word' id='word_1_165' title='bbox 492 3421 568 3499; x_wconf 80' lang='lat' dir='ltr'>Dei,</span> <span class='ocrx_word' id='word_1_166' title='bbox 578 3420 691 3506; x_wconf 88' lang='lat' dir='ltr'>utique</span> <span class='ocrx_word' id='word_1_167' title='bbox 701 3441 766 3486; x_wconf 93' lang='lat' dir='ltr'>non</span> <span class='ocrx_word' id='word_1_168' title='bbox 779 3420 900 3487; x_wconf 86' lang='lat' dir='ltr'>errabo.</span> <span class='ocrx_word' id='word_1_169' title='bbox 946 3419 1076 3488; x_wconf 87' lang='lat' dir='ltr'>Infinita</span> <span class='ocrx_word' id='word_1_170' title='bbox 1090 3417 1221 3505; x_wconf 90' lang='lat' dir='ltr'>quidem</span> 
     </span>
     <span class='ocr_line' id='line_1_25' title="bbox 268 3517 1221 3610; baseline 0.002 -25"><span class='ocrx_word' id='word_1_171' title='bbox 268 3517 463 3606; x_wconf 79' lang='lat' dir='ltr'>hujusmodi,</span> <span class='ocrx_word' id='word_1_172' title='bbox 478 3519 530 3585; x_wconf 86' lang='lat' dir='ltr'>vel</span> <span class='ocrx_word' id='word_1_173' title='bbox 545 3524 576 3585; x_wconf 92' lang='lat' dir='ltr'>iu</span> <span class='ocrx_word' id='word_1_174' title='bbox 592 3521 669 3608; x_wconf 93' lang='lat' dir='ltr'>ipsis</span> <span class='ocrx_word' id='word_1_175' title='bbox 680 3522 773 3602; x_wconf 84' lang='lat' dir='ltr'>veris,</span> <span class='ocrx_word' id='word_1_176' title='bbox 788 3521 892 3610; x_wconf 85' lang='lat' dir='ltr'>palam</span> <span class='ocrx_word' id='word_1_177' title='bbox 908 3534 957 3588; x_wconf 86' lang='lat' dir='ltr'>est</span> <span class='ocrx_word' id='word_1_178' title='bbox 972 3521 1130 3586; x_wconf 87' lang='lat' dir='ltr'>invenire:</span> <span class='ocrx_word' id='word_1_179' title='bbox 1148 3542 1221 3587; x_wconf 90' lang='lat' dir='ltr'>nam</span> 
     </span>
     <span class='ocr_line' id='line_1_26' title="bbox 269 3622 1221 3708; baseline 0.001 -20"><span class='ocrx_word' id='word_1_180' title='bbox 269 3622 376 3689; x_wconf 82' lang='lat' dir='ltr'>Deam</span> <span class='ocrx_word' id='word_1_181' title='bbox 391 3644 458 3688; x_wconf 78' lang='lat' dir='ltr'>erse</span> <span class='ocrx_word' id='word_1_182' title='bbox 468 3625 588 3702; x_wconf 84' lang='lat' dir='ltr'>Deum,</span> <span class='ocrx_word' id='word_1_183' title='bbox 602 3633 633 3689; x_wconf 85' lang='lat' dir='ltr'>ct</span> <span class='ocrx_word' id='word_1_184' title='bbox 648 3628 783 3690; x_wconf 85' lang='lat' dir='ltr'>Patrem</span> <span class='ocrx_word' id='word_1_185' title='bbox 798 3627 915 3691; x_wconf 78' lang='lat' dir='ltr'>habere</span> <span class='ocrx_word' id='word_1_186' title='bbox 926 3627 1098 3705; x_wconf 57' lang='lat' dir='ltr'>attenuet</span> <span class='ocrx_word' id='word_1_187' title='bbox 1114 3626 1221 3708; x_wconf 75' lang='lat' dir='ltr'>Spiri-</span> 
     </span>
     <span class='ocr_line' id='line_1_27' title="bbox 270 3725 1224 3808; baseline 0.001 -19"><span class='ocrx_word' id='word_1_188' title='bbox 270 3732 339 3789; x_wconf 80' lang='lat' dir='ltr'>tuas</span> <span class='ocrx_word' id='word_1_189' title='bbox 351 3733 500 3791; x_wconf 74' lang='lat' dir='ltr'>mactum</span> <span class='ocrx_word' id='word_1_190' title='bbox 516 3729 647 3808; x_wconf 67' lang='lat' dir='ltr'>utrique</span> <span class='ocrx_word' id='word_1_191' title='bbox 660 3729 960 3794; x_wconf 79' lang='lat' dir='ltr'>consubstantialem</span> <span class='ocrx_word' id='word_1_192' title='bbox 982 3748 1056 3803; x_wconf 80' lang='lat' dir='ltr'>csta,</span> <span class='ocrx_word' id='word_1_193' title='bbox 1078 3725 1224 3791; x_wconf 87' lang='lat' dir='ltr'>nonnihil</span> 
     </span>
     <span class='ocr_line' id='line_1_28' title="bbox 269 3825 1224 3913; baseline 0.002 -23"><span class='ocrx_word' id='word_1_194' title='bbox 269 3825 384 3913; x_wconf 88' lang='lat' dir='ltr'>utique</span> <span class='ocrx_word' id='word_1_195' title='bbox 405 3840 482 3892; x_wconf 87' lang='lat' dir='ltr'>sunt</span> <span class='ocrx_word' id='word_1_196' title='bbox 504 3827 574 3893; x_wconf 79' lang='lat' dir='ltr'>lraec</span> <span class='ocrx_word' id='word_1_197' title='bbox 595 3828 818 3906; x_wconf 88' lang='lat' dir='ltr'>enunciabilia,</span> <span class='ocrx_word' id='word_1_198' title='bbox 841 3829 895 3894; x_wconf 91' lang='lat' dir='ltr'>sed</span> <span class='ocrx_word' id='word_1_199' title='bbox 925 3829 966 3893; x_wconf 91' lang='lat' dir='ltr'>ab</span> <span class='ocrx_word' id='word_1_200' title='bbox 986 3843 1108 3894; x_wconf 80' lang='lat' dir='ltr'>aeterno</span> <span class='ocrx_word' id='word_1_201' title='bbox 1137 3850 1224 3906; x_wconf 85' lang='lat' dir='ltr'>vera,</span> 
     </span>
     <span class='ocr_line' id='line_1_29' title="bbox 270 3927 1223 4013; baseline 0.003 -22"><span class='ocrx_word' id='word_1_202' title='bbox 270 3941 301 3993; x_wconf 84' lang='lat' dir='ltr'>st</span> <span class='ocrx_word' id='word_1_203' title='bbox 314 3927 425 3993; x_wconf 83' lang='lat' dir='ltr'>divino</span> <span class='ocrx_word' id='word_1_204' title='bbox 438 3928 531 3992; x_wconf 89' lang='lat' dir='ltr'>firma</span> <span class='ocrx_word' id='word_1_205' title='bbox 548 3928 683 4013; x_wconf 91' lang='lat' dir='ltr'>judicio,</span> <span class='ocrx_word' id='word_1_206' title='bbox 699 3944 730 3995; x_wconf 89' lang='lat' dir='ltr'>et</span> <span class='ocrx_word' id='word_1_207' title='bbox 752 3952 814 3995; x_wconf 91' lang='lat' dir='ltr'>non</span> <span class='ocrx_word' id='word_1_208' title='bbox 837 3931 932 3996; x_wconf 92' lang='lat' dir='ltr'>modo</span> <span class='ocrx_word' id='word_1_209' title='bbox 946 3931 979 3995; x_wconf 91' lang='lat' dir='ltr'>in</span> <span class='ocrx_word' id='word_1_210' title='bbox 1000 3933 1096 4009; x_wconf 88' lang='lat' dir='ltr'>veris,</span> <span class='ocrx_word' id='word_1_211' title='bbox 1119 3930 1223 3996; x_wconf 88' lang='lat' dir='ltr'>sedin</span> 
     </span>
     <span class='ocr_line' id='line_1_30' title="bbox 271 4029 1225 4119; baseline 0.002 -25"><span class='ocrx_word' id='word_1_212' title='bbox 271 4029 350 4107; x_wconf 83' lang='lat' dir='ltr'>aliis,</span> <span class='ocrx_word' id='word_1_213' title='bbox 360 4030 422 4096; x_wconf 90' lang='lat' dir='ltr'>boc</span> <span class='ocrx_word' id='word_1_214' title='bbox 433 4033 539 4117; x_wconf 90' lang='lat' dir='ltr'>ipsum</span> <span class='ocrx_word' id='word_1_215' title='bbox 554 4031 674 4117; x_wconf 89' lang='lat' dir='ltr'>liquet:</span> <span class='ocrx_word' id='word_1_216' title='bbox 692 4056 792 4119; x_wconf 92' lang='lat' dir='ltr'>quum</span> <span class='ocrx_word' id='word_1_217' title='bbox 805 4036 887 4100; x_wconf 91' lang='lat' dir='ltr'>ratio</span> <span class='ocrx_word' id='word_1_218' title='bbox 897 4035 1034 4099; x_wconf 89' lang='lat' dir='ltr'>duorum</span> <span class='ocrx_word' id='word_1_219' title='bbox 1052 4034 1093 4099; x_wconf 90' lang='lat' dir='ltr'>ad</span> <span class='ocrx_word' id='word_1_220' title='bbox 1108 4034 1179 4114; x_wconf 91' lang='lat' dir='ltr'>tria,</span> <span class='ocrx_word' id='word_1_221' title='bbox 1191 4045 1225 4097; x_wconf 89' lang='lat' dir='ltr'>et</span> 
     </span>
     <span class='ocr_line' id='line_1_31' title="bbox 270 4128 1223 4221; baseline 0.006 -26"><span class='ocrx_word' id='word_1_222' title='bbox 270 4128 343 4198; x_wconf 84' lang='lat' dir='ltr'>item</span> <span class='ocrx_word' id='word_1_223' title='bbox 355 4134 456 4199; x_wconf 91' lang='lat' dir='ltr'>trium</span> <span class='ocrx_word' id='word_1_224' title='bbox 467 4132 508 4198; x_wconf 87' lang='lat' dir='ltr'>ad</span> <span class='ocrx_word' id='word_1_225' title='bbox 519 4133 595 4212; x_wconf 91' lang='lat' dir='ltr'>duo,</span> <span class='ocrx_word' id='word_1_226' title='bbox 605 4147 636 4199; x_wconf 92' lang='lat' dir='ltr'>et</span> <span class='ocrx_word' id='word_1_227' title='bbox 649 4135 680 4200; x_wconf 91' lang='lat' dir='ltr'>in</span> <span class='ocrx_word' id='word_1_228' title='bbox 691 4135 778 4200; x_wconf 91' lang='lat' dir='ltr'>hunc</span> <span class='ocrx_word' id='word_1_229' title='bbox 787 4137 917 4201; x_wconf 92' lang='lat' dir='ltr'>modum</span> <span class='ocrx_word' id='word_1_230' title='bbox 930 4135 1080 4221; x_wconf 87' lang='lat' dir='ltr'>plurima,</span> <span class='ocrx_word' id='word_1_231' title='bbox 1092 4148 1223 4201; x_wconf 86' lang='lat' dir='ltr'>auctore</span> 
     </span>
     <span class='ocr_line' id='line_1_32' title="bbox 270 4234 1223 4322; baseline 0.003 -25"><span class='ocrx_word' id='word_1_232' title='bbox 270 4234 468 4320; x_wconf 77' lang='lat' dir='ltr'>Augustino,</span> <span class='ocrx_word' id='word_1_233' title='bbox 488 4236 679 4322; x_wconf 83' lang='lat' dir='ltr'>sempiterna</span> <span class='ocrx_word' id='word_1_234' title='bbox 701 4251 787 4303; x_wconf 81' lang='lat' dir='ltr'>sum.</span> <span class='ocrx_word' id='word_1_235' title='bbox 832 4238 927 4316; x_wconf 87' lang='lat' dir='ltr'>Quod</span> <span class='ocrx_word' id='word_1_236' title='bbox 950 4236 1051 4302; x_wconf 90' lang='lat' dir='ltr'>sicui</span> <span class='ocrx_word' id='word_1_237' title='bbox 1076 4235 1223 4300; x_wconf 87' lang='lat' dir='ltr'>videatur</span> 
     </span>
     <span class='ocr_line' id='line_1_33' title="bbox 269 4333 1223 4425; baseline 0.004 -26"><span class='ocrx_word' id='word_1_238' title='bbox 269 4333 457 4414; x_wconf 81' lang='lat' dir='ltr'>absurdum,</span> <span class='ocrx_word' id='word_1_239' title='bbox 474 4337 591 4403; x_wconf 91' lang='lat' dir='ltr'>librum</span> <span class='ocrx_word' id='word_1_240' title='bbox 611 4340 736 4425; x_wconf 78' lang='lat' dir='ltr'>ejusde</span> <span class='ocrx_word' id='word_1_241' title='bbox 753 4340 854 4406; x_wconf 85' lang='lat' dir='ltr'>libero</span> <span class='ocrx_word' id='word_1_242' title='bbox 870 4338 1002 4404; x_wconf 87' lang='lat' dir='ltr'>arbitrio</span> <span class='ocrx_word' id='word_1_243' title='bbox 1018 4337 1114 4423; x_wconf 82' lang='lat' dir='ltr'>legat,</span> <span class='ocrx_word' id='word_1_244' title='bbox 1130 4351 1161 4402; x_wconf 87' lang='lat' dir='ltr'>ct</span> <span class='ocrx_word' id='word_1_245' title='bbox 1176 4338 1223 4403; x_wconf 87' lang='lat' dir='ltr'>ita</span> 
     </span>
     <span class='ocr_line' id='line_1_34' title="bbox 270 4438 519 4505; baseline 0.008 -2"><span class='ocrx_word' id='word_1_246' title='bbox 270 4458 334 4503; x_wconf 79' lang='lat' dir='ltr'>csse</span> <span class='ocrx_word' id='word_1_247' title='bbox 349 4438 519 4505; x_wconf 85' lang='lat' dir='ltr'>constabit.</span> 
     </span>
    </p>
   </div>
   <div class='ocr_carea' id='block_1_5' title="bbox 0 0 1507 5592">
    <p class='ocr_par' dir='ltr' id='par_1_5' title="bbox 0 0 1507 5592">
     <span class='ocr_line' id='line_1_35' title="bbox 0 0 1507 5592; baseline 0 0"><span class='ocrx_word' id='word_1_248' title='bbox 0 0 1507 5592; x_wconf 95' lang='lat' dir='ltr'> </span> 
     </span>
    </p>
   </div>
  </div>
 </body>
</html>
