2992 5592
281 785 320 844 18
527 795 662 840 Jonnxis
678 794 957 840 senessamessis
1105 776 1184 856 [iio.
1199 797 1219 839 1.

365 1033 445 1120 Cap.
461 1033 490 1098 4.
518 1035 665 1109 Qualiter
678 1035 837 1096 evaserint
850 1038 1008 1096 consortes
1021 1035 1151 1097 morie.

321 1155 498 1219 Caranon
524 1151 622 1238 hujus
651 1164 756 1230 sectae,
779 1165 850 1236 post
879 1150 1032 1214 damnum
1064 1150 1222 1237 temporis,

277 1276 448 1340 rerumque
458 1255 629 1340 jucturam,
645 1266 677 1317 et
692 1276 764 1339 spes
779 1253 940 1339 deceptas,
954 1265 986 1316 et
1003 1254 1158 1337 propositi
1178 1251 1224 1317 sui

277 1357 391 1421 solatio
405 1355 587 1432 destitutas,
604 1355 772 1442 multiplex
790 1378 868 1420 usus
884 1354 1020 1419 emersit.
1055 1355 1123 1419 Alii
1139 1378 1224 1420 nam·

277 1482 352 1546 que,
369 1455 593 1522 monachorum
614 1470 670 1520 aut
690 1456 874 1521 clericorum
896 1455 1071 1521 claustrum
1096 1457 1224 1541 ingressi

278 1573 364 1636 sunt,
381 1572 412 1622 et
430 1558 573 1646 plerique
589 1580 682 1623 suum
704 1571 909 1621 correxerunt
933 1579 1091 1621 errorem:
1116 1557 1225 1644 depre-

277 1661 450 1726 hendentes
471 1661 503 1725 in
525 1685 567 1741 se,
588 1674 620 1725 et
642 1660 711 1725 eliis
732 1660 952 1746 praedicantes,
972 1658 1051 1745 quia
1071 1660 1225 1746 quicquid

276 1763 463 1841 didicerant,
493 1763 615 1827 vanitas
645 1761 821 1825 vanitatum
851 1774 910 1840 est,
933 1774 965 1825 et
995 1783 1091 1846 super
1121 1763 1225 1826 omnia

274 1866 405 1930 vanitas.
451 1865 612 1950 Plerique,
628 1866 771 1949 inquam,
786 1887 824 1926 eo
845 1861 933 1949 quod
953 1860 1098 1949 quidam,
1112 1864 1147 1926 in
1168 1887 1223 1929 snt

275 1966 485 2051 perdurantes
494 1966 625 2042 insania,
636 1966 751 2029 tumidi
764 1979 890 2030 vetusta
901 1967 1120 2051 perversitate,
1130 1969 1223 2029 male·

274 2069 352 2133 bant
373 2067 526 2153 desipere,
542 2089 639 2152 quam
659 2065 700 2129 ab
717 2066 903 2147 humilibus,
916 2066 1036 2152 quibus
1059 2070 1150 2132 Deus
1169 2066 1221 2130 dat

273 2172 420 2255 gratiam,
452 2170 587 2235 fideliter
612 2170 750 2234 erudiri:
788 2170 1016 2235 erubescebant
1045 2170 1129 2232 enim
1160 2171 1223 2233 for·

272 2295 355 2335 mum
372 2271 532 2360 discipuli,
548 2272 604 2358 qui
620 2271 794 2358 magisterii
809 2280 1078 2358 praesumpserant
1092 2271 1222 2335 fastum.

274 2375 306 2437 Si
339 2375 415 2438 mihi
446 2397 507 2438 non
539 2375 653 2450 credis,
684 2373 824 2440 claustra
858 2373 1041 2457 ingredere:
1081 2388 1222 2437 scrutare

273 2498 376 2539 mores
395 2476 550 2541 fratrum:
574 2489 605 2540 et
627 2476 767 2539 invenies
788 2475 831 2538 ibi
855 2474 1036 2561 superbiam
1060 2475 1172 2554 Moab,
1191 2488 1221 2539 et

272 2601 340 2642 eam
357 2578 512 2643 intensam
527 2578 635 2641 vaide:
661 2590 696 2641 ut
713 2576 896 2662 arrogantia
911 2577 1080 2641 absorbeat
1092 2576 1222 2642 fortitu·

272 2680 377 2744 dinem
391 2682 469 2767 ejus.
498 2681 640 2744 Miratur
651 2679 855 2755 Benedictus,
865 2692 897 2742 et
910 2678 1066 2764 queritur,
1077 2679 1178 2764 quod,
1190 2701 1222 2742 se

272 2781 509 2867 quodammodo
520 2795 660 2857 auctore,
672 2781 748 2845 latet
765 2780 861 2866 lupus
876 2781 908 2844 in
924 2780 1063 2866 pellibus
1078 2781 1217 2865 agninis:

272 2882 386 2968 utique
400 2896 614 2963 tonsuram,et
625 2882 743 2967 pullam
758 2883 1093 2969 vestem‚asupercilio
1104 2882 1221 2946 distare

271 2996 430 3048 causatur.
475 2985 521 3047 Et
537 2996 571 3047 ut
589 2983 705 3047 rectius
719 2982 855 3048 dixerim
878 2982 1079 3068 supercilium
1104 2983 1220 3068 arguit,

271 3085 410 3173 eoquod
430 3099 579 3161 tonsurae,
604 3085 811 3170 vestibusque
831 3107 893 3147 non
917 3098 1077 3149 consonet.
1124 3086 1219 3149 Ritus

270 3189 528 3254 observationum
544 3188 775 3252 contemnitur:
800 3201 831 3249 et
848 3189 907 3249 sub
925 3184 1062 3271 imagine
1077 3185 1218 3250 Philoso-

270 3290 410 3375 phantis‚
427 3291 558 3375 spiritus
573 3290 694 3354 fallacis
709 3288 854 3355 elationis
868 3287 1005 3375 obrepit.
1044 3292 1132 3353 Nota
1147 3300 1217 3352 snut

270 3389 350 3465 haec,
376 3391 409 3453 in
435 3391 521 3453 omni
549 3405 647 3467 veste,
672 3415 707 3454 ac
732 3390 938 3477 professione,
964 3389 1106 3475 vulgata
1152 3389 1217 3453 Alii

269 3504 389 3567 autem,
404 3511 496 3552 suum
520 3488 551 3551 in
568 3489 774 3576 Philosophia
793 3491 954 3555 intuentes
973 3489 1147 3566 defectum,
1165 3493 1217 3554 Sa·

268 3589 404 3667 lernum,
414 3590 462 3654 vel
479 3590 519 3653 ad
530 3592 881 3677 Montempessulanum
896 3592 1129 3680 profecti,facti
1145 3605 1216 3657 suut

268 3691 410 3756 clientuli
427 3692 633 3770 medicorum,
646 3707 676 3758 et
693 3708 834 3779 repente,
847 3694 957 3780 quales
971 3693 1098 3758 fuerant
1114 3694 1217 3759 Philo-

268 3793 372 3878 sophi,
383 3794 460 3858 tales
471 3795 503 3857 in
517 3809 676 3860 momento
688 3796 801 3860 medici
814 3809 998 3882 eruperunt.
1037 3795 1217 3861 Fallacibus

267 3897 349 3960 enim
374 3897 481 3961 referti
505 3899 741 3984 experimentis,
765 3899 797 3961 in
825 3898 912 3962 brevi
936 3898 1085 3976 redeunt,
1107 3898 1217 3963 sedulo

266 4012 458 4075 exercentes,
491 3998 578 4085 quod
608 3999 800 4065 didicerunt.
856 4000 1087 4085 Hippocratem
1117 4014 1217 4065 osten·

266 4114 347 4177 tant,
370 4113 426 4164 aut
451 4100 628 4165 Galenum:
665 4103 761 4166 verba
784 4103 950 4188 proferunt
978 4100 1141 4166 inaudita:
1175 4101 1215 4165 ad

264 4204 372 4268 omnia
401 4226 475 4267 suos
506 4202 684 4287 loquuntur
706 4204 924 4291 aphorismos;
956 4215 989 4267 et
1012 4218 1134 4268 mentes
1160 4203 1218 4267 hu-

264 4329 384 4384 manas,
400 4305 488 4369 velut
504 4303 625 4368 afflatas
644 4305 806 4380 tonitruis,
823 4306 866 4368 sic
887 4303 1063 4390 percellunt
1084 4304 1217 4370 nomini·

263 4405 324 4470 bus
345 4405 507 4472 inauditis.
554 4404 740 4468 Creduntur
762 4405 868 4467 omnia
890 4427 995 4490 posse,
1011 4405 1089 4489 quia
1111 4406 1217 4469 omnia
