2992 5592
145 814 210 868 cir.
227 805 303 884 xm]
501 810 739 870 nurssomcus
1053 813 1091 870 ⁵1

142 995 202 1038 non
226 971 326 1037 modo
349 971 526 1050 literarum,
548 973 755 1059 syllabarum,
775 963 1016 1059 dictionumque
1039 998 1093 1040 na·

141 1086 243 1141 turam
270 1073 463 1151 considerat,
489 1089 520 1139 et
552 1076 649 1161 pedes
678 1081 710 1141 in
736 1076 854 1158 metris,
880 1089 1028 1141 accentus
1056 1077 1092 1144 in

140 1177 283 1264 syllabis,
293 1176 454 1252 attendit;
479 1178 580 1243 sedet
596 1179 715 1262 figuras
726 1192 934 1244 accentuum:
959 1193 996 1246 ut
1011 1181 1092 1245 scias

139 1280 188 1344 cui
201 1279 338 1365 syllaba
352 1282 469 1364 gravis,
480 1296 622 1360 accutus,
632 1293 689 1345 aut
705 1280 928 1347 circumflexus
942 1298 1091 1348 accentus

139 1379 304 1446 innitatur.
343 1383 463 1446 Sensus
474 1402 603 1467 quoque
618 1381 789 1466 distinguit
805 1383 968 1469 posituris,
982 1384 1014 1448 id
1030 1396 1090 1460 est,

139 1482 251 1565 figuris
265 1482 482 1547 iudicantibus
502 1483 558 1548 ubi
579 1484 682 1560 colon,
699 1483 753 1549 nbi
778 1506 913 1564 comma,
929 1485 985 1550 ubi
1007 1486 1091 1570 peri·

140 1583 233 1664 odus,
247 1582 280 1648 id
303 1596 365 1665 est,
384 1583 439 1648 ubi
461 1584 695 1663 subdistinctio,
709 1598 767 1650 aut
789 1586 895 1649 media
916 1582 1091 1663 distinctio,

138 1699 194 1751 sut
210 1686 375 1753 distinctio
389 1687 536 1752 facienda
551 1688 602 1751 sit.
649 1687 743 1764 Quod
762 1687 892 1774 quidem
914 1686 1091 1772 significan-

138 1787 203 1853 tius
227 1788 431 1874 interpretari
456 1811 638 1875 possumus,
662 1801 699 1853 ut
725 1788 767 1853 sit
791 1791 879 1853 colon
904 1791 1090 1866 membrum,

138 1911 255 1956 camna
285 1894 458 1972 articulus,
479 1892 633 1974 periodus
660 1892 830 1966 circuitus,
857 1891 913 1979 qui
940 1892 1091 1957 sermonis

139 1991 326 2058 sententiam
349 1993 482 2059 claudit.
539 1992 602 2057 Sed
624 1993 768 2079 quidam,
791 2008 829 2060 ut
851 1996 1015 2083 patentius
1036 1995 1089 2074 sit,

138 2093 250 2161 dicunt
266 2100 318 2177 (an
342 2109 426 2161 recte
442 2095 580 2161 viderint
594 2096 681 2182 ipsi,)
700 2099 789 2162 colon
811 2120 888 2174 esse,
906 2099 961 2163 ubi
977 2096 1090 2186 vulgu-

138 2195 215 2263 riter
228 2211 384 2284 puuctum
394 2197 540 2278 dicimus,
550 2212 606 2265 aut
617 2199 777 2283 quendam
789 2199 920 2286 spiritus
929 2213 1067 2266 tractum
1079 2226 1086 2266 ι

136 2321 270 2378 wmma,
285 2300 341 2364 ubi
360 2301 453 2388 quasi
468 2300 622 2366 divisione
641 2301 745 2367 media
767 2305 925 2389 partimur
940 2325 1087 2378 uersum

138 2401 318 2488 periodum,
330 2425 406 2489 quae
421 2404 573 2466 sermonis
589 2427 713 2469 sensum
731 2428 804 2469 cum
819 2407 1004 2491 integritate
1015 2428 1089 2470 con-

137 2502 251 2570 cludit.
289 2506 374 2569 Sunt
389 2519 420 2569 et
437 2522 533 2586 notae,
547 2529 622 2591 quae
638 2509 869 2594 scripturarum
885 2508 1089 2594 distinguunt

138 2608 269 2682 modos;
296 2619 332 2672 ut
347 2607 619 2692 deprehendatur,
635 2609 714 2696 quid
731 2611 763 2674 in
779 2611 824 2675 eis
838 2609 993 2688 lucidum,
1010 2609 1089 2696 quid

136 2709 321 2791 obscurum,
344 2709 424 2795 quid
446 2724 580 2790 certum,
602 2712 682 2798 qnid
705 2711 860 2778 dubium:
892 2725 925 2778 et
947 2713 980 2777 iu
1003 2711 1088 2776 hunc

138 2812 281 2890 modum,
311 2811 457 2899 plurima.
513 2817 592 2879 Pars
621 2814 690 2878 haec
721 2828 825 2880 tamen
851 2814 928 2880 artis
952 2815 1020 2901 jam
1047 2837 1087 2881 ex

138 2915 276 2980 maxima
295 2930 387 3003 parte
408 2916 439 2980 in
460 2915 704 2982 desuetudinem
724 2917 822 2982 abiit:
846 2916 927 2981 adeo
941 2918 1088 3005 quidem,

136 3030 174 3081 ut
197 3018 420 3083 studiosissimi
443 3017 603 3084 literarum
626 3020 740 3084 merito
763 3034 949 3105 querantur,
969 3029 1002 3082 et
1022 3019 1089 3082 sere

139 3119 283 3204 lugeant,
297 3142 361 3184 rem
386 3119 596 3198 utilissimam,
617 3135 649 3185 et
673 3134 737 3185 tam
760 3120 800 3183 ad
825 3143 876 3185 res
898 3120 1089 3200 retinendas,

137 3242 238 3307 quam
262 3220 490 3309 intelligendas,
507 3223 766 3298 efficacissimam,
789 3221 945 3306 majorum
968 3236 1090 3288 nostro-

138 3345 210 3387 rum
241 3323 372 3405 invidia,
393 3337 450 3390 aut
476 3325 681 3412 negligentia,
707 3338 807 3389 artem
833 3323 906 3388 dico
930 3324 1089 3412 deperisse

136 3425 305 3492 notariam.
350 3430 419 3492 Nec
441 3427 576 3493 miretur
597 3426 682 3514 quis,
703 3439 826 3493 tantam
849 3425 913 3492 vim
936 3428 1033 3494 fuisse
1054 3430 1088 3495 iu

137 3525 277 3592 notulis:
301 3551 403 3615 quum
419 3542 451 3593 et
468 3530 588 3594 Musici
604 3543 761 3606 cantores,
777 3533 887 3616 paucis
901 3531 1089 3598 characteri-

136 3629 206 3707 bus,
219 3629 336 3696 multas
346 3644 522 3710 acutarum,
531 3645 563 3697 et
574 3633 719 3718 gravium
731 3632 937 3710 differentias,
948 3633 1088 3701 indicent

135 3753 259 3800 uocum.
304 3733 350 3798 Et
369 3738 411 3800 ob
427 3733 487 3799 hoc
507 3735 648 3821 quidem,
663 3735 858 3800 characteres
873 3735 945 3800 illos
960 3739 1088 3804 musicae

135 3838 239 3902 claves
252 3837 374 3902 dicunt.
422 3837 456 3900 Si
476 3851 582 3902 tamen
606 3850 695 3902 tanta
710 3838 849 3902 scientim
864 3838 962 3903 clavis
977 3841 1038 3906 fuit
1053 3841 1087 3905 in

134 3940 266 4015 notulis,
288 3937 405 4006 mirum
427 3952 475 4004 est
497 3954 632 4018 nostros,
654 3940 728 4006 licet
750 3939 844 4028 plura
865 3941 1005 4019 scierint,
1025 3964 1088 4008 non

134 4041 301 4127 agnovisse
324 4041 469 4126 majores,
491 4052 547 4106 sut
570 4055 668 4107 tantae
694 4041 833 4107 scientias
858 4043 1000 4128 perditas
1022 4066 1089 4106 esse

133 4141 246 4208 claves.
294 4143 415 4205 Seneca
429 4164 462 4205 se
477 4154 577 4206 artem
598 4143 820 4230 comparandas
843 4147 1003 4208 memorias
1025 4156 1089 4205 tra·

131 4243 274 4311 diturum
302 4241 452 4307 facillime
478 4240 666 4327 pollicetur:
696 4256 727 4308 et
752 4244 872 4308 utinam
898 4240 1088 4305 innotuisset

131 4347 219 4424 mihi,
244 4345 303 4412 sed
326 4344 413 4431 quod
437 4367 505 4408 eam
530 4346 711 4419 tradiderit,
736 4346 866 4409 omnino
887 4365 949 4406 non
974 4341 1088 4405 recolo.

103 4500 107 4510 ,
130 4449 257 4515 Tullius
280 4448 314 4510 in
339 4446 519 4511 Rhetoricis
539 4470 669 4534 operam
693 4445 817 4509 dedisse
833 4444 915 4509 risus
935 4458 1000 4509 est:
1032 4445 1087 4509 sed

583 4556 639 4612 at
