2992 5592
423 846 502 892 vni
518 846 635 891 siucrr
651 841 812 890 insursu.
1029 827 1090 890 3³7

140 1042 222 1135 Cap.
241 1055 288 1112 ll.
313 1048 483 1112 Auselmus
506 1051 761 1131 archiepiscopus
784 1049 929 1129 pervenit
956 1046 1089 1126 Lugdu·

182 1172 279 1223 uum‚·
304 1158 335 1213 ei
356 1173 376 1212 u
398 1151 575 1214 venerabili
599 1152 740 1230 Hugoue
762 1149 995 1229 archiepiscopo
1016 1167 1089 1209 cum

183 1254 299 1316 bonore
318 1259 467 1335 acceptus
488 1258 542 1315 esi.
596 1251 769 1314 Willelmus
782 1271 840 1312 rec
855 1250 988 1330 Auplioe
1001 1269 1090 1311 nuu-

182 1352 247 1416 cios
276 1355 361 1416 misit
392 1353 514 1416 Romae.
561 1354 670 1416 Causa
701 1353 849 1438 differtur
876 1354 962 1413 inter
986 1352 1090 1413 erchi-

179 1458 363 1537 episcopum
389 1461 420 1517 et
445 1475 550 1535 regem
569 1475 630 1536 per
658 1475 779 1535 papum
808 1453 985 1516 Urbanum.
1038 1454 1090 1515 De

183 1563 284 1619 morie
312 1556 438 1619 Urbani
459 1576 565 1637 pape.
612 1556 787 1618 Auselmus
809 1561 977 1636 susceptus
1001 1560 1047 1617 est
1070 1575 1091 1615 a

187 1657 321 1719 Widoue
344 1657 475 1718 Visuuce
497 1659 741 1738 archiepiscopo.
786 1655 839 1718 De
860 1655 986 1718 duobus
1006 1656 1091 1716 mili·

182 1758 269 1820 tibus
282 1757 498 1838 querentibus.
543 1757 595 1820 De
610 1759 696 1819 nricis
710 1776 832 1819 meusae
846 1758 995 1820 Anseimi.
1040 1755 1093 1818 De

177 1863 289 1944 prima
312 1861 442 1935 cisione,
465 1859 607 1922 secunda
629 1865 660 1921 et
682 1860 779 1920 tertie
801 1861 914 1921 mortis
941 1856 1092 1920 Willelmi

183 1964 266 2043 regis
281 1963 467 2043 Aupiorum.

184 2111 379 2174 Luuuuuuu
395 2110 513 2174 abinde
529 2111 693 2173 revertitur
705 2110 894 2187 Anselmus3
916 2121 948 2173 et
962 2133 981 2174 a
997 2132 1092 2174 vene·

138 2213 233 2276 rabili
249 2213 315 2274 viro
332 2214 473 2292 Hugone
496 2213 606 2294 primae
629 2211 715 2274 sedis
731 2213 910 2276 Galliarum
933 2213 1090 2296 episcopo

139 2324 297 2397 exceptus
322 2326 382 2391 est,
405 2327 440 2378 ut
465 2326 619 2397 tanquam
645 2315 711 2376 loci
738 2315 886 2378 dominus
912 2316 1091 2379 haberetur.

139 2416 306 2500 Siquidem
335 2417 595 2500 archiepiscopus
617 2429 649 2481 ct
669 2418 956 2501 comprovinciales
986 2419 1032 2482 sic
1062 2418 1091 2481 ei

138 2516 325 2581 deferebant
338 2516 372 2578 in
397 2517 557 2593 omnibus,
572 2538 609 2579 ac
633 2517 660 2579 si
684 2516 924 2580 Cantuan'ensis
944 2519 1091 2581 eeclesiae

139 2617 331 2698 suffraganei
347 2630 461 2679 esseut.
489 2617 532 2677 Et
545 2616 687 2697 profecto
704 2615 942 2677 Cantuariensis
956 2616 1093 2677 ecclesia

140 2719 191 2782 his
215 2717 330 2780 diebus
357 2718 428 2799 plus
451 2715 528 2776 fidei
551 2714 669 2795 reperit
693 2715 727 2774 iu
755 2715 917 2775 extraneis
940 2736 1035 2796 quam
1057 2716 1092 2777 iu

140 2821 218 2882 suis.
263 2820 338 2882 Filii
361 2818 445 2879 enim
470 2815 740 2897 persequebantur
761 2825 892 2897 patrem,
916 2826 950 2878 et
969 2816 1093 2878 inimici

140 2920 280 2983 hominis
296 2916 466 2982 domestici
490 2914 567 2996 ejus.
613 2917 699 2977 Nam
714 2936 757 2978 ex
777 2936 903 2978 suorum
925 2917 1059 2980 consilio
1074 2939 1095 2980 a

137 3043 212 3103 rege
240 3021 341 3103 impio
371 3016 548 3080 destinatus
578 3018 716 3079 Romam
743 3028 881 3094 venerat,
911 3016 1016 3081 adhuc
1045 3019 1092 3081 ibi

138 3123 276 3203 degente
313 3120 476 3196 Anselmo,
506 3118 687 3181 Willelmus
710 3118 777 3196 ille,
814 3118 906 3203 cujus
935 3119 968 3181 in
1005 3119 1095 3182 exitu

138 3222 266 3305 Angliae
281 3220 400 3284 mentio
416 3221 499 3283 sacta
519 3233 582 3295 est3
604 3231 637 3282 et
651 3220 734 3283 inter
759 3231 876 3283 caetera
898 3221 1039 3284 obtinuit
1052 3222 1093 3284 ab

140 3325 287 3396 Urbano,
312 3333 348 3385 ut
377 3343 506 3384 causam
531 3322 675 3384 Anseluri
702 3321 842 3384 differret
864 3344 883 3386 a
906 3322 1094 3385 solennitate

142 3423 291 3488 Paschali
321 3422 355 3484 in
381 3422 466 3485 diem
497 3424 612 3485 festum
640 3423 744 3485 sancti
770 3423 950 3487 Michaelis.
997 3423 1094 3487 Unde

140 3523 414 3607 archiepiscopus,
431 3522 537 3606 quoad
560 3544 619 3585 rex
634 3523 764 3600 viveret,
780 3525 865 3588 viam
887 3524 1045 3588 redeundi
1060 3527 1095 3588 in

141 3626 288 3707 Angliam
313 3624 375 3687 sibi
401 3622 537 3688 credidit
557 3645 626 3687 esse
651 3625 853 3705 praeclusam.
899 3626 964 3690 Sed
987 3640 1094 3692 custos

141 3726 252 3803 Israel,
274 3727 330 3810 qui
354 3747 418 3788 non
442 3725 568 3801 dormit,
591 3724 748 3808 quicquid
772 3726 911 3792 humana
933 3729 1096 3792 temeritas

142 3827 324 3907 somniaret,
355 3827 481 3890 consilii
517 3828 626 3889 aeterni
656 3827 781 3889 interim
812 3831 999 3893 senteutiam
1031 3830 1093 3894 dis·

142 3942 272 4014 pensat,
295 3940 328 3991 et
344 3929 522 4005 Urbanum,
538 3927 593 4011 qui
610 3949 737 3990 causam
755 3929 812 3991 viri
833 3931 897 3993 Dei
912 3931 952 3994 ad
968 3932 1094 4015 petitio·

144 4053 217 4095 uem
249 4032 375 4115 tyranni
406 4029 582 4106 distulerat,
611 4030 722 4093 eximit
751 4032 847 4093 rebus
876 4033 1033 4106 humanis,
1059 4044 1096 4094 ut

140 4133 308 4216 prefixum
332 4132 417 4195 diem
439 4153 503 4193 uon
528 4131 641 4194 videat.
688 4133 726 4194 In
749 4131 848 4194 exilio
872 4145 975 4195 tamen
1003 4154 1094 4215 pros·

142 4245 271 4316 petatur
285 4234 457 4296 Anselmus
468 4256 476 4309 3
500 4243 532 4295 et
547 4255 611 4295 non
629 4231 725 4295 modo
747 4233 780 4294 in
806 4233 1015 4313 Lugdunensi
1037 4232 1095 4296 sed

143 4335 177 4397 in
193 4334 353 4415 contiguis
368 4355 496 4418 quoque
512 4335 683 4417 provinciis
706 4333 901 4397 clarificante
917 4335 1005 4398 illum
1021 4334 1094 4398 Deo

143 4436 184 4498 ab
200 4435 352 4498 omnibus
369 4436 581 4499 communiter
597 4436 785 4499 celebratur.

187 4551 261 4597 VOL·
277 4552 308 4597 V·
611 4557 629 4598 Ζ
