2992 5592
266 813 329 872 ald
524 821 664 869 maurus
679 819 961 866 mussassrausrs

265 981 387 1058 frugem
409 975 547 1039 melioris
570 976 642 1038 ritae
664 942 892 1037 revocarentur
913 982 1075 1051 errantes,
1093 975 1130 1037 in
1154 996 1230 1037 rem

266 1078 388 1142 virtutis
402 1077 491 1141 cultu
505 1075 698 1161 proficerent
713 1088 746 1138 ct
760 1074 978 1139 solidarentur
994 1074 1230 1141 adolescentes

266 1182 351 1244 Nam

405 1285 466 1348 Quo
477 1284 560 1338 semel
571 1291 612 1338 est
622 1286 722 1339 imbuta
732 1301 823 1338 recens
834 1285 952 1338 servabit
962 1285 1076 1338 odorem

406 1371 492 1424 Testa
503 1371 561 1433 diu;

143 1512 147 1519 -
265 1480 300 1533 et
322 1488 437 1545 mores,
455 1467 573 1553 quibus
594 1478 702 1531 tenera
721 1477 799 1530 aetas
819 1466 987 1541 imbuitur,
1009 1467 1180 1532 difficilius
1198 1478 1230 1531 et

267 1592 333 1635 non
348 1571 416 1634 siue
431 1570 568 1656 quadam
583 1569 772 1651 egritudine
786 1569 976 1633 avelluntur.

312 1674 386 1736 Hos
408 1673 477 1757 ejus
498 1693 666 1736 successus
687 1670 801 1756 paucis
822 1670 1041 1755 expediamus
1061 1673 1226 1757 exemplis

271 1771 483 1837 Herowaldus
505 1773 552 1834 vir
571 1782 663 1835 erate
682 1770 878 1854 decrepitus,
895 1783 986 1834 tanto
1007 1795 1141 1858 quoquc
1162 1777 1227 1838 lan·

270 1896 368 1958 guore
383 1885 568 1958 prostratus,
582 1883 618 1936 ut
632 1874 732 1936 solam
751 1870 896 1951 linguam
917 1872 1054 1937 haberet
1072 1876 1108 1938 in
1123 1886 1227 1958 potes·

271 1987 348 2055 tate,
362 1987 395 2040 ct
409 1997 474 2040 non
495 1977 568 2040 cibo
588 1985 698 2059 posset
720 1975 768 2037 uti
783 1984 838 2037 aut
859 1987 951 2058 potu,
967 1976 1001 2038 in
1022 1976 1226 2042 domo-intir-

272 2100 395 2142 morum
413 2077 632 2141 imminentem
652 2088 689 2140 ut
707 2077 880 2161 putabatur
893 2087 1075 2161 expectans
1095 2080 1227 2154 exitum,

270 2202 310 2243 co
324 2181 395 2263 ipso
411 2180 584 2257 convaluit,
598 2179 689 2263 quod
705 2177 880 2242 Anselmus
893 2201 967 2243 cum
989 2181 1113 2264 potavit
1131 2201 1226 2244 manu

271 2302 330 2344 sua
342 2281 425 2358 rino,
441 2280 528 2363 quod
548 2280 589 2342 dc
609 2283 745 2345 racemis
766 2281 801 2343 in
820 2282 991 2345 collectam
1010 2284 1154 2366 palmam
1171 2302 1226 2345 ex·

271 2392 437 2465 presserat.
482 2382 615 2445 Juvenis
638 2382 771 2467 quidam
797 2383 972 2446 inconsulti
999 2385 1131 2448 fervoris
1155 2405 1227 2466 pro·

271 2483 378 2568 posito
406 2504 441 2546 se
457 2483 678 2563 obligaverat,
703 2496 739 2549 ut
767 2485 855 2547 nulla
883 2506 1028 2568 unquam
1054 2487 1226 2549 occasions

271 2605 402 2648 manum
426 2585 574 2648 membris
600 2585 795 2666 genitalibus
818 2586 1014 2650 admoveret.
1060 2586 1127 2650 Sed
1152 2586 1228 2672 quia

272 2686 423 2772 frequens
452 2698 501 2751 est
529 2698 566 2751 ut
594 2687 777 2751 inconsulta
805 2699 877 2750 rota
905 2688 1074 2771 temptatio
1104 2689 1228 2770 gravior

271 2800 502 2875 prosequatur;
528 2800 638 2854 tantus
660 2812 732 2853 eum
756 2790 789 2852 in
812 2790 957 2873 partibus
978 2791 1043 2854 illis
1065 2788 1157 2854 dolor
1178 2792 1226 2853 in·

273 2889 364 2963 rasit,
388 2899 424 2951 ut
444 2890 545 2952 moles
567 2889 720 2972 plumbea
744 2888 866 2951 ibidem
891 2890 1033 2973 pendere
1059 2889 1226 2955 videretur.

271 2989 377 3063 Quem
400 3012 498 3074 quum
522 2989 722 3053 dissimulare
744 3012 811 3053 non
833 3003 953 3075 posset,
975 2993 1159 3057 admonitus
1184 2994 1225 3056 ab

275 3093 438 3172 Auselm0‚
465 3104 501 3156 ut
526 3091 657 3156 modurn
684 3092 883 3173 aegriudinis
911 3116 1009 3158 manu
1034 3105 1130 3159 tenus
1154 3118 1227 3179 pro·

273 3196 372 3268 barct,
387 3195 483 3259 frater
498 3196 561 3258 roti
577 3196 750 3259 reverentia
770 3198 940 3260 recusarit.
986 3198 1100 3262 Sciens
1120 3199 1228 3280 itaque

274 3297 338 3359 Dei
366 3296 504 3361 famulus
533 3318 603 3359 esse
633 3297 741 3361 omnia
771 3297 892 3362 munda
921 3299 1061 3376 mundis,
1083 3300 1229 3363 adhibito

273 3420 383 3463 secum
405 3398 579 3479 grandaevo
602 3400 696 3462 fratre
719 3398 884 3462 inlocum
911 3401 1115 3464 secretiorem
1141 3401 1232 3464 ducit

268 3500 433 3583 juvenem.
479 3501 563 3565 Caro
592 3501 760 3564 sanissima
789 3503 959 3585 reperitur3
992 3516 1092 3567 etex
1124 3523 1233 3588 quoa

272 3614 384 3665 sancto
407 3602 475 3665 viro
498 3603 567 3665 visa
589 3613 648 3681 est,
671 3602 761 3665 dolor
784 3605 887 3669 omnis
910 3605 1076 3682 abscessit,
1096 3626 1160 3669 nec
1177 3604 1230 3688 ju·

273 3723 387 3765 renem
403 3703 534 3766 ulterius
549 3704 707 3786 fatigavit.

316 3803 480 3867 Osbernus
516 3804 647 3889 quidam
684 3807 882 3891 professione
918 3809 1108 3887 monachus,
1137 3820 1230 3874 {etate

271 3904 542 3981 adolescentulus,
565 3908 696 3990 ingenio
717 3910 902 3993 perspicax,
924 3911 1074 3974 manibus
1093 3910 1137 3974 ad
1157 3912 1231 3976 arti·

274 4010 349 4073 licia
364 4010 499 4093 pollens,
510 4008 592 4073 adeo
606 4011 764 4093 perversis
779 4012 922 4076 moribus
938 4025 1016 4090 crat,
1025 4025 1061 4076 ut
1072 4012 1113 4076 de
1129 4016 1233 4078 saluts

275 4111 346 4196 ejus
361 4111 463 4195 possit
479 4110 590 4173 merito
605 4109 780 4193 desperari.
825 4112 1011 4178 Exercebat
1026 4115 1080 4177 hic
1103 4114 1233 4178 dentem

274 4214 438 4289 caninum,
463 4223 495 4275 ct
524 4210 600 4275 odio
629 4211 807 4276 insatiabili
835 4217 1091 4299 prosequebatur
1121 4218 1233 4280 Ansel·

274 4335 374 4378 mum.
428 4315 472 4376 At
501 4314 554 4376 ille
584 4313 784 4395 compatiens
814 4317 923 4391 errori,
953 4327 1065 4381 sancta
1093 4318 1232 4401 quadam

273 4415 446 4479 calliditate
469 4417 624 4497 puerilem
647 4416 787 4480 animum
811 4418 915 4500 cepit3
944 4431 977 4480 et
999 4440 1087 4483 nunc
1111 4421 1235 4485 leniens
