2992 5592
279 800 447 885 cse.v111.]
636 818 879 869 uarsuoorcus.
1166 805 1223 870 141

275 986 326 1037 aut
354 971 559 1037 indumento.
615 971 694 1037 ltem
724 977 855 1056 quintus
883 973 1093 1060 copiosissime
1122 976 1227 1056 docet,

276 1087 349 1161 quot
364 1073 471 1138 modis
482 1073 611 1138 dicatur
625 1076 810 1161 proprium:
833 1090 865 1140 et
880 1076 912 1140 in
929 1076 989 1154 his,
1000 1078 1079 1163 quid
1097 1081 1226 1166 proprie

275 1195 303 1241 et
329 1175 557 1261 multipliciter
579 1174 671 1242 docet
695 1179 825 1263 quando
847 1191 932 1242 recte
960 1177 1099 1265 positum
1122 1185 1176 1259 sit,
1191 1195 1224 1248 et

275 1276 401 1365 quando
416 1279 457 1341 sit
481 1298 649 1362 perperam
671 1280 879 1363 assignatum.
924 1279 1102 1345 Utilissima
1116 1295 1224 1348 autem

274 1390 317 1443 est
339 1377 411 1442 baec
434 1376 614 1462 speculatio
635 1376 676 1441 ad
699 1378 905 1442 astruendum
929 1391 961 1443 et
983 1379 1224 1458 destruendum,

274 1478 422 1566 quoniam
434 1478 613 1565 proprium,
625 1479 712 1564 quod
725 1483 853 1564 proprie
865 1480 996 1557 dicitur,
1006 1497 1038 1546 et
1049 1483 1142 1567 cujus
1153 1505 1225 1569 pro-

275 1581 376 1666 prium
388 1592 449 1660 est,
462 1579 641 1645 seinvicem
652 1594 766 1644 mutua
781 1580 1009 1666 praedicatione
1019 1582 1224 1648 concludunt.

882 1683 893 1714 b

276 1770 351 1857 Cap.
368 1775 400 1835 8.
424 1770 479 1834 De
498 1769 612 1833 Titulo
627 1770 811 1853 definiendi
821 1772 878 1854 qai
893 1779 1054 1835 coercetur
1069 1774 1104 1833 in
1116 1773 1225 1838 Serto.

313 1888 432 1954 Poano
441 1894 555 1953 sactus
568 1885 609 1951 de
622 1886 804 1951 definitione
819 1900 879 1962 est,
891 1900 923 1951 et
938 1902 1039 1952 artem
1054 1888 1223 1954 deliniendi

272 1991 448 2057 luculenter
464 1989 573 2067 tradit,
591 2003 627 2054 ut
643 1989 700 2076 qui
715 1989 812 2054 istum
835 1989 928 2075 plene
949 1991 1083 2068 noverit,
1104 1992 1137 2055 iu
1159 2006 1224 2058 sta·

274 2093 395 2160 tuendis
425 2106 482 2158 aut
506 2092 698 2157 evacuendis
723 2091 963 2158 definitionibus
988 2094 1134 2160 haesitare
1159 2120 1222 2161 uon

272 2193 392 2259 debeat.
420 2194 524 2258 Porro
537 2191 678 2278 regulam
691 2191 862 2256 deliniendi
877 2194 1082 2261 arctissimam
1098 2197 1221 2276 docuit,

272 2308 301 2362 et
313 2318 412 2384 quam
428 2294 522 2381 plene
536 2309 593 2359 aut
607 2295 725 2370 nullus,
741 2310 799 2361 aut
815 2319 905 2361 rarus
922 2299 1112 2384 assequitur.
1159 2305 1223 2366 lta-

271 2420 330 2485 qua
344 2395 546 2463 Aristotelem
567 2418 635 2481 prae
656 2397 781 2461 caeteris
800 2399 959 2476 omnibus,
976 2411 1041 2464 tam
1064 2400 1135 2465 aliae
1157 2401 1221 2467 dis·

271 2498 393 2564 serendi
408 2497 675 2576 ratiocinationes,
696 2521 791 2584 quam
809 2498 979 2564 definiendi
996 2503 1111 2567 titulus
1132 2502 1220 2569 illus·

271 2601 408 2682 traret,si
418 2613 485 2665 tam
494 2614 640 2686 patenter
649 2611 805 2665 astrueret
817 2602 1062 2688 propria,quam
1074 2617 1220 2689 potenter

272 2701 431 2767 destruxit
460 2701 570 2764 aliena.
617 2702 778 2766 Caeterum
809 2702 891 2766 sicut
922 2701 1057 2766 validior
1086 2704 1138 2768 hic
1166 2727 1221 2768 ex-

270 2817 427 2892 pugnator
442 2803 561 2879 extitit,
578 2825 673 2890 quam
697 2818 844 2881 assertor,
860 2804 904 2869 ita
919 2803 1063 2891 plerique
1083 2805 1221 2870 validius

269 2919 421 2983 asserunt,
437 2926 536 2991 quam
550 2904 757 2990 impugnent:
775 2907 973 2991 nequeenim
990 2927 1099 2969 omnes
1113 2906 1220 2972 omnia

270 3020 413 3095 possunt,
443 3018 476 3071 et
505 3008 643 3092 quisque
673 3006 698 3071 si
728 3010 897 3071 efficaciam
927 3008 1073 3071 attendat
1097 3009 1219 3089 gratia,

270 3111 398 3197 proprio
421 3130 552 3172 munere
575 3107 756 3194 insignitur.
803 3109 851 3173 Ut
866 3108 907 3171 de
923 3108 1071 3173 fidelibus
1087 3120 1220 3187 taceam,

269 3215 352 3278 Naso
359 3209 511 3285 carmina,
519 3211 631 3275 Cicero
642 3232 753 3274 causas
767 3209 902 3274 feliciter
916 3210 994 3294 agit.
1019 3210 1220 3296 Pythagoras

270 3327 412 3378 usturam
427 3311 561 3386 excutit,
574 3314 718 3377 Socrates
730 3332 853 3375 morum
869 3311 1047 3397 praescribit
1057 3335 1217 3377 normam:

270 3412 359 3479 Plato
373 3414 415 3478 de
429 3413 579 3479 omnibus
589 3414 772 3500 persuadet,
788 3412 974 3478 Aristoteles
988 3414 1132 3501 argutias
1146 3436 1218 3500 pro.

270 3529 367 3581 curat.
423 3513 637 3599 Sumpserunt
660 3515 733 3579 hinc
763 3514 919 3579 doctrinae
949 3537 1015 3581 suas
1043 3515 1219 3603 primordia

269 3616 390 3682 Marius
412 3616 608 3695 Victorinus,
630 3628 662 3679 et
686 3615 842 3680 Boethius
871 3638 943 3680 cum
976 3618 1137 3696 Cicerone,
1159 3621 1217 3705 qui

269 3718 382 3804 singuli
393 3718 493 3783 libros
504 3716 726 3781 definitionum
743 3717 932 3782 ediderunt:
957 3716 1003 3782 illi
1019 3720 1150 3805 quidem
1162 3720 1217 3784 de-

268 3819 394 3885 liniendi
409 3841 535 3894 nomen,
552 3840 653 3903 usque
673 3816 714 3881 ad
729 3817 910 3903 quindecim
933 3820 1051 3905 species
1065 3820 1217 3887 dilatave-

268 3936 349 3999 runt,
365 3919 566 3987 describendi
589 3919 698 3983 modos
719 3920 913 3985 delinitionis
930 3922 1084 3986 vocabulo
1102 3944 1218 4008 suppo-

267 4039 383 4090 nentes.
416 4022 504 4088 Huic
521 4044 606 4098 rcro,
621 4020 662 4084 de
673 4021 873 4087 substantiali
886 4023 1049 4108 praecipue
1060 4045 1138 4086 cura
1152 4037 1216 4086 esta

267 4148 337 4212 quae
356 4125 402 4191 sic
424 4137 568 4189 constare
588 4121 683 4188 debet
705 4146 744 4187 ex
764 4146 879 4209 genere
901 4141 934 4189 et
954 4120 1217 4188 substantialibus

267 4225 461 4300 differentiis,
493 4238 529 4289 ut
561 4225 723 4313 proposito
753 4239 948 4311 coaequetur.
1003 4225 1103 4284 Recte
1132 4219 1216 4284 enim

266 4318 1217 4416 assignataest,quumfueritaequalisdefinito,etplanissima

268 4431 366 4496 utitur
380 4428 652 4514 interpretatione.
697 4426 883 4492 Amovenda
893 4439 941 4489 est
955 4445 1032 4508 ergo
1042 4443 1104 4486 nou
1120 4420 1218 4486 modo
