2992 5592
286 795 349 853 art
549 802 978 851 rorurrrssannsnnnrrusrs

282 959 418 1022 riensem
436 958 469 1019 iu
493 956 681 1021 sententiam
705 957 918 1019 anathematis
940 957 1115 1021 revocavit.
1161 959 1237 1030 Qua

283 1058 440 1134 severitas,
455 1057 487 1118 in
507 1057 611 1119 sancti
626 1056 761 1119 Thomae
777 1057 924 1136 ingressu
940 1055 1120 1141 publicata,
1134 1080 1236 1139 regem

282 1158 420 1241 amplios
446 1159 652 1220 exacerbavit
674 1170 706 1220 et
728 1158 854 1238 linguas
885 1159 1048 1222 toxicatas
1071 1158 1236 1223 detrahen-

281 1260 359 1322 tium
390 1259 590 1322 efficaciores
618 1257 759 1321 reddidit
787 1255 829 1320 ad
863 1259 1060 1322 nocendum.
1121 1261 1236 1322 lterum

281 1379 357 1439 ergo
377 1359 512 1436 damnis,
533 1360 646 1422 iterum
669 1357 881 1421 atrocioribus
905 1358 1034 1442 injuriis
1054 1380 1153 1443 snpra
1173 1381 1236 1423 mo·

283 1456 359 1520 dum
389 1473 422 1520 et
449 1479 616 1521 numerum
646 1458 766 1521 athleta
804 1457 924 1521 Christi
957 1461 1092 1522 affectus
1127 1471 1176 1523 est
1206 1471 1237 1523 et

282 1559 389 1623 edicto
412 1560 541 1642 publico
564 1559 744 1642 prohibitus
767 1560 913 1621 ecclesioe
935 1581 1002 1622 suae
1026 1574 1121 1642 septa
1140 1563 1234 1624 exire.

284 1659 439 1744 Quisquis
454 1660 484 1722 ei
500 1661 549 1723 rel
566 1659 662 1721 alicui
678 1680 806 1722 suorum
822 1658 938 1722 faciem
953 1660 1087 1723 hilarem
1104 1674 1235 1744 praeteu·

284 1761 394 1836 debat,
408 1759 509 1822 hostis
531 1761 680 1843 publicus
703 1761 904 1823 censebatur.
949 1760 1015 1823 Sed
1037 1761 1108 1825 haec
1131 1763 1236 1825 omnia

281 1862 330 1923 vir
352 1861 413 1923 Dei
440 1861 473 1923 in
501 1863 600 1924 multa
630 1861 783 1943 patientia
812 1863 995 1937 sufferebat,
1019 1864 1143 1926 malens
1171 1886 1233 1927 non

281 1961 378 2025 modo
408 1982 510 2024 rerum
540 1962 597 2024 sed
620 1972 652 2024 et
674 1963 786 2025 salutis
816 1962 922 2024 subire
947 1963 1119 2044 jacturam,
1143 1987 1233 2048 quam

275 2061 435 2144 justitiam
453 2063 515 2125 Dei
537 2074 569 2126 et
584 2063 731 2126 ecclesiae
753 2064 930 2125 libertatem
954 2064 1078 2147 absque
1100 2067 1232 2129 subven-

279 2163 367 2225 tione
383 2165 431 2225 vel
448 2165 561 2226 saltem
587 2164 811 2226 reclamatione
833 2163 1016 2246 periclitari.
1062 2166 1147 2228 Pace
1168 2186 1234 2229 om·

279 2263 368 2323 niurn
392 2273 573 2325 sanctornm
597 2263 752 2326 dixerim:
784 2264 811 2324 si
841 2275 964 2326 tautum
996 2266 1068 2327 Deo
1100 2266 1232 2351 quisquo

277 2363 431 2439 immolat,
458 2374 613 2445 quantum
637 2384 695 2446 pro
721 2363 827 2445 ipsius
851 2385 959 2427 amore
985 2366 1149 2449 relinquit,
1170 2390 1232 2431 non

276 2465 370 2526 facile
393 2463 564 2540 invenitur,
587 2464 643 2547 qui
666 2464 824 2526 Thomam
849 2465 1026 2528 antecedat
1074 2469 1159 2531 Nam
1177 2490 1232 2552 pro

280 2563 408 2628 Christo
431 2585 489 2627 sua
518 2576 551 2627 et
573 2585 649 2627 suos
671 2567 853 2642 contemsit,
875 2569 1046 2630 contemsit
1067 2569 1231 2646 mundum,

279 2667 451 2731 contemsit
463 2680 494 2729 et
509 2666 658 2748 seipsum.
705 2667 750 2728 Et
772 2667 848 2749 quia
867 2667 958 2730 stilos
979 2668 1021 2730 ad
1043 2672 1231 2734 confessoris

277 2780 426 2850 properat
441 2766 634 2849 passionem,
652 2766 745 2849 cujus
765 2781 911 2830 auctores
926 2778 960 2830 et
979 2790 1077 2832 causa
1092 2793 1136 2834 ex
1151 2774 1228 2835 mul·

275 2867 318 2931 tis
333 2878 366 2930 et
388 2866 513 2947 mugnis
535 2878 645 2947 patent
665 2866 803 2938 indiciis,
825 2867 856 2928 iu
873 2888 912 2929 ea
932 2867 1012 2930 mihi
1032 2889 1099 2932 non
1120 2872 1229 2934 censui

278 2967 399 3031 diutius
419 2965 673 3043 immorandrun3
695 2969 869 3049 praesertim
885 2990 983 3051 quum
996 2969 1065 3053 jorn
1088 2971 1151 3056 fere
1173 2994 1229 3056 per

275 3071 386 3133 orbern
403 3069 553 3130 Latinum
578 3089 620 3129 ex
637 3069 790 3130 relatione
812 3069 1021 3150 plurimorum
1042 3072 1084 3134 sit
1102 3086 1178 3136 nota
1197 3085 1228 3138 et

275 3169 437 3250 divulgata
459 3169 601 3235 materia.
647 3169 721 3231 Hoc
737 3181 843 3232 tamen
863 3171 897 3232 in
918 3183 1009 3234 tanto
1030 3172 1148 3238 dirime
1164 3177 1226 3239 dis·

274 3269 473 3351 pensationis
489 3289 617 3330 munere
634 3268 794 3332 silendum
811 3291 961 3333 essenon
978 3271 1118 3336 credidi:
1143 3274 1226 3358 quod

274 3369 314 3434 ad
347 3370 409 3432 Dei
432 3379 464 3432 et
485 3369 631 3449 martyris
661 3371 709 3432 sui
732 3371 865 3451 gloriam
895 3370 1032 3435 universi
1065 3376 1226 3453 mirantur,

273 3471 349 3554 quia
364 3472 411 3533 sic
428 3491 540 3532 omnes
556 3470 802 3534 circumstantiae
823 3488 1055 3538 concurrerunt
1072 3477 1107 3539 in
1123 3498 1224 3558 ugone

271 3571 445 3652 pontificis,
467 3585 502 3634 ut
523 3571 675 3654 patientis
697 3573 824 3635 titulum
853 3587 1012 3656 perpetuo
1034 3577 1225 3642 illustrarent

271 3679 304 3733 et
326 3671 585 3751 persequentium
615 3673 792 3735 revelarent
821 3674 1030 3757 impietatem,
1052 3689 1085 3740 et
1107 3700 1221 3742 nomen

270 3770 462 3852 sempiterno
478 3773 677 3836 macularent
692 3775 874 3857 opprobrio.
919 3776 954 3839 Si
969 3778 1056 3841 euim
1074 3801 1220 3862 personas

271 3875 347 3937 hinc
370 3871 445 3935 inde
468 3872 584 3934 intueri
605 3885 637 3936 et
660 3878 762 3938 metiri
783 3879 959 3959 placuerit:
983 3885 1123 3947 occurrit
1144 3885 1216 3947 hiuc

269 3977 436 4056 religiosus
451 3971 728 4056 archiepiscopus,
743 3969 978 4040 Britanniarum
995 3982 1126 4061 primas,
1135 3982 1218 4046 sedis

268 4077 454 4160 apostolicae
483 4076 617 4155 legatus,
642 4075 748 4159 judex
779 4077 1085 4161 incorruptissimus,
1108 4096 1216 4165 utpote

266 4198 325 4241 nec
357 4188 505 4258 acceptor
534 4197 754 4257 personarum,
783 4199 842 4240 nec
874 4199 1053 4254 munerum,
1083 4196 1217 4248 assertor

264 4278 490 4342 ecclesiastica
506 4275 671 4355 libertatis,
687 4290 718 4340 et
733 4281 824 4361 quasi
841 4280 934 4356 turris
950 4294 1056 4346 erecta
1075 4285 1108 4347 in
1123 4287 1212 4349 Jeru-

265 4380 363 4443 salem
380 4391 490 4440 contra
505 4377 620 4439 faciem
638 4378 800 4455 Damasci,
815 4381 948 4443 malleus
959 4381 1143 4464 impiorum,
1158 4386 1212 4450 scd
