2992 5592
358 815 364 828 ·
386 789 450 848 380
469 802 561 848 roan.
578 800 855 846 sanusnuaruusrs
871 801 946 844 vrrs
963 800 1081 843 ssxcrr
1098 801 1233 847 mous
1249 802 1336 849 esar.

382 955 507 1030 invasit,
521 962 555 1015 ut
570 953 677 1014 nullus
693 953 824 1015 omnino
839 963 895 1015 aut
913 974 1072 1036 perrarus,
1090 955 1149 1037 qui
1170 954 1300 1018 auderet
1319 977 1336 1017 a

382 1056 498 1118 divinis
520 1075 644 1116 cessare
667 1076 723 1136 pro
746 1054 943 1116 exhibitione
964 1051 1101 1137 justitiae
1125 1068 1183 1117 aut
1206 1077 1263 1138 pro
1284 1058 1335 1118 hu·

381 1155 542 1218 munitatis
557 1150 663 1217 officio
679 1154 824 1218 debitum
840 1156 873 1216 in
889 1155 1018 1218 Christo
1039 1156 1205 1218 defunctis
1227 1179 1335 1219 munus

382 1256 556 1319 solenniter
578 1255 739 1318 exhibere.
787 1257 825 1317 ln
852 1256 902 1318 his
924 1259 1074 1320 omnibus
1101 1272 1333 1340 persecutorum

380 1377 447 1419 non
470 1356 592 1438 quievit
611 1356 698 1418 furor
720 1356 898 1418 dicentium
921 1379 1039 1440 corpus
1061 1358 1237 1440 proditoris
1258 1360 1333 1420 inter

381 1471 510 1521 sanctos
532 1458 705 1541 pontifices
727 1480 793 1521 non
816 1480 886 1522 esse
913 1458 1132 1522 humandum:
1163 1460 1221 1522 sed
1244 1459 1332 1543 proji-

382 1559 532 1623 ciendum
548 1580 619 1623 esse
633 1560 665 1620 in
681 1559 832 1642 paludem
849 1562 989 1622 viliorem
1005 1563 1053 1622 vel
1071 1561 1330 1643 suspendendum

382 1661 536 1743 patibulo.
588 1660 684 1724 Unde
715 1662 818 1723 sancti
849 1662 904 1723 tiri
934 1663 988 1744 qui
1019 1661 1154 1724 aderaut
1184 1664 1246 1725 rim
1277 1665 1332 1725 sibi

384 1761 533 1824 timentes
558 1762 665 1825 inferri
689 1785 762 1825 eum
785 1763 818 1824 in
841 1777 962 1846 crypta,
984 1774 1158 1845 antequam
1186 1765 1334 1827 satellites

384 1862 521 1941 Satanae,
536 1863 590 1946 qui
607 1863 646 1926 nd
663 1865 831 1944 sacrilegia
845 1862 1057 1946 perpetranda
1078 1866 1250 1928 convocati
1271 1866 1334 1927 fne-

382 1975 463 2040 rant,
478 1960 695 2042 convenirent,
718 1975 792 2026 ante
815 1965 911 2026 altare
935 1963 1046 2026 Sancti
1066 1964 1228 2028 Jobannis
1251 1967 1333 2048 Bap-

381 2063 465 2127 tistae
486 2076 519 2127 et
540 2067 640 2128 sancti
665 2065 834 2147 Augustini
857 2066 1032 2146 Anglorum
1056 2067 1196 2147 apostoli
1218 2068 1251 2128 iu
1273 2088 1331 2128 sar·

383 2166 529 2248 cophago
545 2190 720 2232 marmoreo
736 2168 939 2250 sepelierunt.

428 2267 494 2329 Ubi
518 2267 559 2330 ad
579 2270 710 2348 gloriam
730 2270 957 2350 omnipotentis
979 2268 1041 2329 Dei
1064 2289 1215 2351 pereum
1240 2272 1334 2332 multa

383 2377 416 2430 et
444 2389 561 2448 magna
589 2370 672 2430 fiunt
700 2370 853 2431 miracula
883 2370 1070 2433 catervatim
1100 2373 1334 2433 confluentibus

375 2468 523 2551 populis,
545 2479 580 2529 ut
602 2468 731 2532 videant
754 2470 787 2530 in
811 2469 883 2532 aliis
901 2482 933 2532 et
953 2471 1093 2533 sentiant
1115 2471 1147 2532 in
1172 2494 1206 2535 se
1227 2484 1334 2556 poten·

383 2568 459 2631 tiam
475 2581 507 2631 et
526 2571 727 2632 clementiam
749 2570 830 2652 ejus,
854 2572 908 2653 qui
930 2593 1055 2653 semper
1075 2573 1107 2633 in
1130 2574 1251 2636 sanctis
1273 2574 1334 2634 suis

384 2671 538 2733 mirabilis
554 2683 586 2733 et
600 2670 755 2751 gloriosus
770 2683 827 2733 est.
873 2674 957 2733 Nam
979 2684 1011 2734 et
1028 2672 1062 2733 in
1082 2674 1157 2736 loco
1179 2674 1333 2756 passionis

385 2772 463 2855 ejus,
478 2781 511 2834 et
525 2772 580 2835 ubi
596 2782 669 2834 ante
690 2772 792 2855 majus
812 2774 909 2835 altare
928 2776 1128 2856 pernoctavit
1144 2775 1334 2847 humandus,

384 2887 417 2937 et
439 2875 494 2936 ubi
509 2872 638 2935 tandem
660 2875 802 2956 sepultus
822 2884 881 2947 ost,
897 2871 1065 2957 paralytici
1081 2890 1241 2951 curantur,
1257 2876 1335 2939 coeci

384 2975 504 3051 rident,
519 2974 604 3036 surdi
624 2974 770 3045 audiunt,
789 2977 966 3057 loquuntur
986 2976 1077 3052 muti,
1098 2972 1204 3039 claudi
1225 2980 1335 3040 ambu-

384 3076 464 3152 lant,
478 3070 595 3157 leprosi
611 3075 816 3150 mundantur,
831 3076 968 3139 ovadunt
987 3076 1216 3153 febricitantes,
1231 3099 1335 3160 arrep-

384 3175 450 3238 ticii
466 3197 486 3237 a
500 3175 657 3237 daemonio
672 3178 856 3253 liberantur,
871 3191 903 3239 et
924 3198 943 3239 u
963 3178 1058 3239 variis
1078 3178 1201 3239 morbis
1220 3200 1334 3241 sanan·

385 3285 435 3337 tur
450 3275 572 3354 aegroti,
586 3277 764 3358 blasphemi
781 3298 800 3338 a
816 3276 973 3339 daemonio
996 3277 1113 3360 arrepti
1134 3278 1336 3341 confundun-

384 3388 444 3452 tur,
488 3388 530 3450 et,
554 3376 639 3458 quod
662 3398 682 3438 a
704 3377 819 3439 diebus
844 3392 966 3460 patrum
993 3390 1172 3440 nostrorum
1198 3400 1265 3441 non
1291 3388 1338 3441 est

384 3477 540 3554 auditum,
566 3478 678 3539 mortni
706 3489 882 3559 resurgunt,
907 3478 969 3538 lllo
992 3478 1061 3539 haec
1087 3490 1120 3540 et
1135 3479 1238 3561 plura,
1265 3501 1336 3563 quae

384 3578 498 3638 referre
522 3578 709 3659 perlongum
732 3588 792 3655 est,
811 3588 973 3658 operante,
994 3573 1048 3660 qui
1068 3579 1158 3641 solus
1175 3590 1225 3641 est
1244 3601 1337 3664 super

383 3675 490 3736 omnia
504 3675 692 3739 benedictus
708 3677 740 3738 in
756 3678 876 3739 saecula
891 3678 989 3739 Deus.
1034 3681 1148 3740 Amen.
