2992 5592
276 802 401 884 σιω]
615 819 858 865 ΜετΛιοοιουε.
1159 810 1217 870 lto

273 970 351 1056 quod
373 991 451 1035 vero
476 967 571 1034 facile
599 967 788 1052 adquiescit,
811 984 841 1035 et
868 970 983 1035 falsum
1009 989 1214 1058 aspernatur:

271 1073 323 1137 linc
349 1085 459 1138 autem
490 1070 630 1156 primum
661 1094 681 1136 a
709 1085 826 1136 natura
850 1073 964 1148 oritur,
991 1096 1047 1160 per
1072 1074 1215 1143 fomitem

269 1175 378 1240 innatae
397 1172 553 1245 rationis;
576 1171 691 1236 deinde
712 1172 877 1238 affectione
898 1174 983 1254 boni,
998 1190 1030 1240 et
1045 1199 1113 1257 usn,
1129 1179 1216 1243 viva-

269 1279 329 1344 cius
349 1274 553 1343 convalescit.
598 1273 685 1341 Usus
711 1275 839 1361 quidem
864 1276 1050 1341 exercitium
1074 1280 1214 1358 roborat,

269 1379 411 1466 paritque
437 1377 622 1443 facultatem
654 1378 810 1463 probandi
841 1395 873 1443 et
904 1379 1105 1444 examinandi
1131 1383 1213 1447 veri:

268 1480 388 1547 facilius
402 1493 522 1557 tamen,
531 1490 564 1543 et
579 1477 772 1564 expeditius,
785 1481 811 1544 si
827 1481 904 1545 artis
919 1495 1215 1566 praeceptorumque

268 1581 452 1669 compendio
471 1579 636 1645 solidetur.
683 1580 745 1644 Sed
765 1581 837 1645 licet
859 1604 941 1646 nunc
962 1581 1002 1645 ad
1018 1604 1062 1661 se,
1077 1606 1159 1648 nunc
1173 1583 1215 1649 ad

268 1685 396 1750 alterum
428 1681 593 1766 contingat
622 1679 744 1745 utiliter
780 1683 931 1759 exerceri,
961 1682 1087 1748 collatio
1116 1685 1215 1750 medi-

269 1784 383 1851 mtione
398 1784 526 1848 videtur
542 1780 657 1847 utilior.
689 1783 737 1848 Ut
753 1785 836 1847 enim
851 1784 968 1849 ferrum
986 1787 1069 1850 ferro
1083 1786 1215 1866 acuitur,

268 1886 308 1951 sic
320 1886 362 1952 ad
379 1908 488 1951 vocem
509 1884 652 1961 alterius,
668 1886 826 1970 contingit
846 1886 987 1950 animum
1007 1887 1217 1973 colloquentis

268 1988 387 2055 acutius
415 2003 449 2054 et
478 1987 635 2051 efficacius
663 1989 811 2054 excitari:
842 1989 897 2053 sed
926 1990 1064 2054 maxime
1090 1994 1116 2055 si
1141 2014 1214 2056 curn

268 2090 405 2176 rapiente
429 2101 488 2153 aut
514 2086 657 2151 modesto
678 2111 781 2152 sermo
803 2091 986 2168 conseritur,
1012 2091 1152 2178 alioquin
1179 2116 1215 2157 os

267 2190 364 2270 stulti,
372 2189 462 2277 qnod
473 2187 587 2253 ebullit
603 2187 785 2267 stultitiam,
794 2203 824 2253 et
838 2204 1016 2275 protervus,
1029 2191 1084 2278 qui
1094 2193 1216 2257 modes-

268 2292 340 2355 tiam
356 2292 468 2366 nescit,
481 2311 543 2353 nnn
561 2302 625 2351 tam
641 2288 734 2352 facile
745 2289 872 2373 ingenia
886 2291 1144 2369 adolescentium,
1157 2295 1214 2379 qui

268 2391 333 2457 aliis
347 2414 406 2479 per
428 2389 636 2455 imitationem
658 2403 813 2475 appetunt
835 2393 1035 2469 conformari,
1052 2395 1215 2472 erudiunt,

268 2517 360 2581 quam
391 2505 600 2580 pervertunt:
640 2514 702 2556 non
740 2493 912 2558 informant
946 2496 986 2559 ad
1012 2497 1123 2574 vitam,
1158 2520 1215 2562 nec

268 2601 427 2663 instruunt
457 2596 498 2659 ad
531 2595 703 2670 scientiam,
735 2597 791 2661 sed
816 2598 975 2662 infatuant
1004 2599 1152 2673 animam,
1182 2615 1213 2664 et

268 2701 407 2765 toxicant
432 2697 584 2784 linguam·
631 2700 745 2783 Itaque
776 2700 848 2765 licet
876 2700 953 2764 nihil
980 2699 1080 2783 magis
1105 2715 1216 2766 mutua

268 2801 431 2869 collatione
458 2801 572 2887 prosit;
605 2823 667 2866 non
693 2816 742 2866 est
768 2816 970 2867 tamencum
996 2799 1080 2864 omni
1107 2801 1216 2887 dispu-

267 2904 410 2982 tandum,
423 2925 527 2989 neque
542 2916 651 2968 contra
674 2902 849 2988 quemlibet
864 2902 1114 2967 exercitandum.
1154 2904 1216 2968 Ne·

267 3029 350 3072 cesae
363 3018 414 3071 est
428 3005 525 3082 enim,
537 3019 572 3069 ut
585 3004 629 3069 ait
640 3004 837 3079 Aristoteles,
849 3017 959 3068 oontm
970 3004 1094 3088 aliquos
1103 3026 1217 3089 pravas

267 3107 331 3173 lieri
346 3107 515 3172 orationes.
561 3108 642 3170 Nam
665 3120 776 3170 contra
791 3129 875 3183 eum,
891 3106 948 3191 qui
964 3104 1092 3168 omnino
1115 3118 1216 3173 tentat

268 3210 364 3275 videri
395 3209 575 3296 perfugere,
600 3210 724 3295 justum
765 3208 892 3293 quidem
929 3208 1058 3270 omnino
1095 3218 1216 3274 tentare

266 3312 481 3398 syllogismum
505 3310 629 3384 sacere3
653 3333 715 3374 non
736 3309 907 3395 pulchrum
929 3322 1048 3383 nutem,
1071 3312 1216 3397 eoquod

266 3436 325 3479 non
340 3426 467 3500 oportet
479 3412 648 3476 consistere
661 3414 766 3476 statim
778 3422 888 3474 contro
900 3409 1076 3494 quoslibet;
1093 3435 1217 3479 necesse

267 3528 312 3580 eat
336 3515 421 3579 enim
445 3513 637 3578 laboriosum
669 3534 843 3576 sermonem
868 3514 1023 3577 accidere:
1058 3537 1129 3580 nam
1160 3516 1217 3603 qui

267 3611 430 3678 exercitati
450 3625 537 3683 sunt,
558 3633 619 3675 non
643 3625 776 3697 possunt
796 3611 954 3675 abstinere
969 3635 988 3674 a
1002 3612 1217 3699 disputatione

268 3714 444 3781 certatoria.
489 3713 552 3780 Sed
569 3736 626 3777 nec
642 3715 774 3800 ubique,
791 3737 848 3778 nec
863 3738 996 3802 semper,
1011 3739 1068 3780 nec
1084 3717 1124 3781 de
1139 3741 1218 3803 quo-

266 3817 340 3883 libet
368 3816 611 3903 disputandum.
665 3818 745 3881 Sunt
771 3817 853 3880 enim
881 3817 986 3904 pluro,
1009 3843 1082 3904 quae
1111 3821 1219 3906 dispu-

266 3919 418 3985 tationem
434 3941 496 3981 non
510 3917 700 3982 admittunt:
718 3933 792 3985 sunt
805 3944 879 4004 quae
891 3921 1044 3985 humanas
1059 3922 1217 3986 excedunt

267 4024 413 4096 rationes,
429 4030 462 4083 et
477 4033 603 4085 tanturn
625 4020 698 4083 lidei
720 4037 953 4086 consecrantur.
1001 4026 1081 4087 Sunt
1097 4038 1127 4087 et
1145 4046 1218 4108 quoe

266 4117 482 4205 interrogante
504 4143 595 4205 aeque
617 4141 653 4183 ac
675 4120 885 4206 respondente
906 4123 1057 4186 videntur
1077 4121 1218 4204 indigna,

267 4232 298 4284 et
312 4243 378 4300 eos,
393 4219 450 4304 qui
466 4218 498 4282 in
515 4219 633 4283 talibus
652 4219 816 4296 dimicant,
837 4230 894 4284 aut
915 4221 1070 4305 desipere,
1084 4233 1140 4282 aut
1156 4241 1217 4284 non

268 4322 409 4407 sapuisse
434 4321 638 4385 convincunt.
691 4322 773 4385 Haec
796 4333 902 4384 autem
930 4333 1016 4397 sunt,
1038 4342 1112 4403 quae
1141 4319 1216 4384 scita

267 4444 328 4486 non
352 4421 531 4498 conferunt,
554 4434 585 4485 et
609 4421 755 4506 ignorata
777 4443 838 4483 non
864 4418 999 4482 laedunt:
1032 4421 1068 4482 iis
1090 4441 1215 4505 operam
