2992 5592
272 787 334 847 sla
542 799 678 844 rossms
693 797 976 843 sanssssmsusm

271 953 383 1017 alteria
404 965 435 1016 et
457 951 625 1015 luminaria
639 951 878 1034 praeparabant3
902 961 936 1012 et
958 950 1129 1036 quomodo
1149 972 1232 1014 unus

270 1075 379 1118 eorum
394 1054 545 1135 pulsabat
555 1072 744 1134 campanam
760 1062 797 1116 ut
810 1051 891 1115 ulios
901 1052 1071 1117 excitaret.
1103 1052 1231 1126 Quibus

268 1155 471 1236 surgentibus
493 1155 625 1218 miratus
646 1166 706 1228 est,
736 1153 914 1238 conjiciens
939 1154 1015 1218 Deo
1039 1175 1114 1219 esse
1139 1153 1226 1218 incil-

268 1256 380 1321 limum
395 1256 563 1340 prophetis
578 1262 612 1320 et
626 1257 749 1320 sanctis
767 1256 833 1319 suis
853 1255 993 1319 revelare
1014 1256 1159 1334 occulta,
1174 1255 1228 1340 qui

268 1357 377 1422 radios
398 1359 565 1422 oculorum
587 1357 688 1441 ipsius
709 1378 767 1442 per
788 1357 947 1440 parietum
971 1356 1163 1421 densitatem
1179 1357 1229 1418 in·

270 1459 466 1539 troduxerat‚
481 1470 629 1544 stupente
643 1472 766 1524 natura.

314 1563 458 1644 Urgente
483 1561 672 1626 necessitate
699 1561 861 1625 divertens
885 1560 928 1624 ed
953 1561 1132 1645 hospitium
1158 1582 1227 1624 mo·

269 1663 366 1729 nachi
392 1663 552 1746 pauperis,
574 1672 607 1726 et
632 1662 673 1726 de
698 1662 809 1747 inopie
833 1661 971 1746 piscium
996 1685 1081 1748 quos
1107 1663 1227 1747 hospiti

271 1777 360 1832 tanto
396 1773 572 1850 apponeret
604 1766 739 1847 graviter
772 1767 1010 1850 conquerentis,
1040 1787 1106 1830 non
1141 1767 1226 1828 enim

269 1869 412 1932 habebat
426 1865 516 1930 domi
530 1864 593 1928 nisi
608 1886 724 1947 panem
739 1877 773 1929 et
786 1887 929 1930 caseum:
953 1868 973 1900 ‘⁸
990 1867 1098 1945 Noli,”
1112 1867 1225 1953 inquit,

269 1973 290 2007 ‘⁸
305 1972 410 2046 frater,
425 1990 484 2053 pro
506 1967 633 2032 defectu
653 1968 887 2045 alimentorum,
901 1989 973 2052 quae
996 1969 1092 2032 nobis
1115 1968 1227 2031 minis·

268 2084 406 2138 tratums
421 2084 470 2135 cst
491 2070 590 2147 Deus,
605 2068 787 2145 sollicitari;
809 2066 867 2132 sed
882 2067 972 2133 mitte
990 2069 1086 2133 citius
1103 2081 1171 2134 rete
1190 2070 1225 2132 in

269 2197 393 2240 amnem
411 2174 562 2249 vicinum,
576 2183 608 2235 et
622 2172 745 2255 piscem
760 2171 879 2255 capies,
894 2172 950 2255 qui
965 2171 1104 2236 sufficiet
1121 2173 1223 2236 omni·
1278 2163 1283 2173 ⁸

268 2278 329 2341 bus
348 2273 473 2337 uobis.“
518 2274 582 2336 Vix
603 2274 808 2357 praecipienti
827 2274 963 2357 paritum
984 2283 1049 2349 est;
1075 2295 1115 2337 eo
1137 2275 1226 2358 quod

267 2398 318 2440 res
333 2371 529 2438 incredibilis
547 2371 715 2437 ridebatur
735 2386 768 2438 et
788 2374 963 2457 majestatis
983 2374 1101 2438 divinae
1122 2376 1227 2439 mani·

268 2479 349 2542 testa
368 2477 544 2558 temptatio.
590 2475 657 2539 Sed
674 2477 806 2540 tandem
827 2496 901 2540 cum
922 2477 1079 2541 immenso
1094 2488 1227 2562 stupore

267 2579 409 2645 omnium
429 2577 528 2663 juxta
554 2578 685 2642 verbum
711 2580 771 2642 viri
797 2580 860 2643 Dei
885 2580 974 2642 mirre
993 2579 1226 2662 magnitudinis

267 2695 431 2747 extractus
446 2690 496 2743 est
510 2680 619 2764 piscia.
663 2680 737 2744 Alia
752 2702 881 2766 quoque
897 2681 968 2745 rice
983 2702 1082 2764 quum
1103 2679 1227 2746 nobilis

267 2786 315 2848 vir
342 2783 503 2847 Walterus
531 2792 745 2863 cognomento
775 2782 915 2866 Tyrillus
944 2805 1016 2846 eum
1043 2793 1082 2846 ut
1110 2806 1224 2849 secum

266 2885 437 2972 pranderet
455 2883 603 2947 detinens
625 2883 665 2948 de
685 2886 820 2968 penuria
840 2885 978 2969 piscium
1001 2886 1120 2950 anxius
1144 2909 1223 2972 que·

268 2998 404 3063 reretm3
429 2986 450 3020 “
466 2985 546 3062 Tu‚”
561 2985 679 3068 inquit,
694 2985 714 3018 “
729 3007 823 3049 verus
842 2987 905 3049 Dei
928 2989 1032 3051 cultor
1053 2990 1224 3054 Anselmus

267 3091 438 3154 consolans
459 3087 625 3152 hominem
648 3087 688 3151 de
715 3088 825 3172 inopia
850 3087 1047 3168 deliciatum,
1069 3091 1225 3173 quereris,

267 3205 300 3258 et
314 3192 375 3256 tibi
390 3191 489 3255 sturio
510 3187 639 3272 grandis
659 3189 824 3254 affertur?”
846 3189 945 3255 Ridet
963 3191 1018 3257 ille
1039 3202 1073 3255 et
1092 3192 1225 3256 omnino

268 3294 428 3371 diffidens,
452 3293 528 3355 ilico
551 3291 649 3376 juxta
674 3294 805 3355 verbum
830 3293 977 3356 Auselmi
1002 3294 1224 3378 pregrandem

267 3397 439 3462 sturionem
455 3394 517 3457 sibi
542 3393 620 3458 vidit
641 3394 745 3458 afferri
766 3415 786 3457 a
805 3391 931 3456 duobus
953 3393 1151 3472 hominibus,
1167 3396 1224 3480 qui

267 3519 340 3563 eum
363 3518 383 3560 a
404 3497 586 3580 pastoribus
608 3495 677 3560 suis
698 3497 863 3560 inventum
885 3496 919 3558 in
941 3496 1013 3580 ripa
1034 3495 1136 3559 Alciae
1165 3497 1225 3561 flu·

266 3599 362 3662 minis
388 3598 672 3683 transmissumque
699 3597 841 3661 Domino
866 3599 1060 3662 asserebant
1117 3597 1228 3678 Unde,

266 3699 349 3761 sicut
364 3696 404 3760 de
425 3698 518 3760 beato
536 3698 717 3763 Benedicto
738 3699 863 3763 celebre
883 3709 943 3777 est,
956 3698 1002 3763 ita
1021 3708 1056 3762 et
1077 3699 1139 3763 iste
1154 3721 1228 3765 cre·

268 3797 353 3862 ditur
366 3795 516 3860 babuisse
532 3799 679 3881 spiritum
694 3799 918 3884 prophetandi.
