2992 5592
394 814 459 871 262
652 827 791 872 tonsura
806 827 1087 873 sannanamassrs

485 982 558 1053 Quo
574 983 755 1043 maculante
772 981 853 1042 fides
868 998 1022 1044 evacuata
1036 980 1129 1063 perit.

403 1083 564 1144 Pessimus
580 1084 695 1145 erroris
710 1103 820 1145 comes
834 1094 884 1145 est
898 1083 982 1144 elata
996 1082 1156 1160 voluutas,

490 1184 571 1253 Quae
586 1184 703 1245 i'ractaa
717 1199 841 1245 mentes
856 1196 966 1245 curvat
980 1182 1021 1245 ad
1037 1204 1132 1246 omne
1149 1186 1283 1248 malum.

402 1284 511 1346 Tertia
525 1284 687 1366 praedictis
701 1284 854 1368 adjuncta
869 1285 1018 1367 superbia
1033 1286 1105 1348 vitae
1301 1292 1364 1348 7⁴25

491 1385 627 1448 Omnem
643 1387 788 1448 virtutem
804 1386 928 1448 subruit
942 1401 1036 1469 atque
1052 1400 1157 1450 necat.

468 1484 520 1548 De
534 1486 680 1565 dogorote
696 1486 967 1558 Academicorum,
982 1505 1115 1566 quorum
1132 1487 1298 1550 Arcesilas

770 1590 924 1670 princeps
937 1594 994 1651 eet.

406 1690 601 1752 Distrahitur
615 1689 709 1750 miser
723 1689 883 1752 Arcesilas
897 1701 929 1752 et
942 1692 974 1752 in
990 1691 1138 1753 omuibus
1154 1712 1278 1774 auceps

491 1791 642 1853 Fluctuat
656 1803 688 1852 et
702 1791 816 1864 nescit,
831 1812 894 1874 quo
911 1792 986 1854 velit
1000 1811 1069 1853 esse
1084 1791 1167 1868 loco,

407 1892 556 1972 Pervigili
572 1891 678 1955 studio
694 1912 820 1974 semper
835 1893 988 1971 fugientia
1004 1893 1117 1976 quaerit

490 1995 585 2079 Xera,
602 2014 661 2055 uec
677 1993 711 2054 in
726 1992 839 2055 studiis
854 1994 944 2056 novit
958 1994 1074 2057 habere
1090 1993 1234 2070 modum,
1301 2003 1366 2061 730

406 2091 522 2153 Omnia
538 2092 706 2174 perlustrat
721 2091 902 2172 sapientum
918 2090 1079 2171 dogmata,
1095 2088 1224 2153 tandem

493 2191 641 2272 Ignorare
658 2192 754 2255 decet
768 2193 876 2253 omnia
892 2212 966 2254 vera
980 2212 1065 2254 suos.

407 2291 563 2373 Perpetuo
580 2312 652 2352 uam
670 2312 742 2352 vera
756 2291 870 2368 latent,
884 2292 912 2354 si
927 2292 1067 2354 creditur
1081 2292 1137 2366 illi,

494 2393 570 2452 Nou
586 2412 625 2453 ea
639 2392 782 2454 mortalis
798 2393 907 2474 pervia
921 2413 1035 2455 sensus
1050 2393 1153 2455 habet

780 2491 833 2556 De
849 2489 988 2556 Zenone.

406 2596 505 2658 Posse
520 2594 599 2657 nihii
616 2594 691 2656 sciri
705 2591 854 2654 laudatur
869 2593 957 2655 Zeno
972 2593 1133 2678 probasse,
1301 2603 1368 2661 785

496 2697 632 2758 Haerens
646 2697 679 2757 in
696 2693 822 2756 cunctis
836 2706 868 2756 et
882 2692 1028 2756 dubitare
1038 2694 1167 2777 jubens.

409 2797 496 2859 Scire
513 2795 592 2858 nihil
610 2794 683 2856 finis
698 2814 814 2876 operae,
831 2794 982 2877 longique
998 2793 1116 2857 laboris

494 2899 538 2961 Et
553 2908 696 2980 quaestus
711 2896 835 2975 magnis
850 2893 1030 2978 sumptibus
1045 2898 1104 2958 iste
1118 2897 1217 2959 datur.

607 2996 659 3059 De
675 2995 859 3075 Pythagora
876 3000 907 3056 et
922 2995 1066 3077 doqinde
1080 2997 1157 3076 ejus.

408 3102 457 3166 Ad
474 3103 572 3166 Samii
588 3120 705 3162 nomen
720 3098 829 3160 nullus
843 3096 1042 3175 conscendit,
1057 3099 1089 3161 in
1104 3100 1186 3183 ipso,

496 3206 542 3268 Ut
556 3214 676 3264 veteres
691 3197 870 3282 perhibent,
886 3199 982 3279 plena
997 3199 1119 3282 Sophia
1133 3202 1200 3263 suit
1300 3214 1368 3271 740

409 3304 458 3365 Ad
475 3304 595 3386 frugem
613 3305 684 3365 vitae
700 3300 841 3363 melioris
856 3300 952 3362 molle
968 3301 1141 3365 Tarentum

495 3403 662 3481 Pertrahit,
677 3414 712 3465 ut
729 3421 852 3464 morum
869 3421 1012 3464 summus
1026 3403 1060 3464 in
1075 3404 1151 3466 orbe
1166 3417 1261 3468 sator.

410 3506 561 3588 Quinque
577 3506 687 3588 polum
703 3524 794 3565 zonae
810 3501 1023 3582 distinguunt,
1036 3525 1110 3568 aera
1126 3506 1279 3590 quinque,

495 3609 557 3671 Est
571 3606 684 3670 eadem
701 3605 791 3688 ponti
808 3606 909 3668 sectio
925 3606 991 3669 sive
1007 3607 1077 3669 soli.

410 3714 452 3772 At
467 3711 594 3772 Samius
611 3720 674 3771 tres
689 3729 760 3769 esse
776 3707 884 3785 docet,
898 3706 1102 3791 mediamque
1118 3711 1242 3773 colonis
1303 3721 1368 3777 745

494 3804 616 3880 Tradit,
632 3817 665 3868 at
680 3806 713 3867 in
728 3805 860 3887 reliquis
875 3806 965 3888 algor
978 3819 1011 3869 et
1025 3821 1121 3871 aestus
1135 3820 1242 3890 agunt.

410 3907 548 3971 Tradere
563 3926 630 3968 rem
646 3904 779 3968 dubiam
795 3906 891 3968 seclis
906 3918 998 3990 putat
1012 3927 1081 3970 esse
1096 3908 1278 3990 profanum,

497 4009 613 4092 Neque
630 4006 706 4069 velit
721 4007 852 4089 sapiens
867 4027 948 4082 esse,
965 4018 1060 4092 poeta
1075 4020 1169 4072 vetat.

410 4114 455 4175 Et
469 4111 546 4196 quia
561 4122 648 4173 certa
662 4110 756 4172 trium
772 4109 856 4170 valet
870 4129 941 4172 esse
957 4110 1102 4188 scientia,
1118 4132 1205 4173 veras

497 4213 576 4275 Tres
590 4209 696 4288 docet,
712 4210 744 4271 in
761 4208 892 4290 reliquis
908 4229 977 4273 ease
994 4231 1111 4293 poema
1125 4212 1211 4275 sinit.
1304 4223 1370 4280 750

410 4313 613 4397 Temperiem
629 4308 742 4372 medie
759 4308 879 4372 faciunt
893 4323 1048 4388 extrema,
1058 4312 1215 4397 jubetque

498 4415 544 4476 Ut
559 4411 699 4474 medium
715 4422 832 4486 teneat,
847 4411 901 4492 qui
918 4413 1022 4473 bonus
1038 4433 1108 4475 esse
1123 4415 1221 4496 cupit.
