2992 5592
171 822 236 868 eir.
252 803 336 884 xa.]-
527 819 768 863 uaruoorous.
1058 807 1122 866 908

169 973 222 1059 qui
245 972 418 1058 imaginem
445 970 515 1045 Dei,
532 972 610 1034 vitio
630 990 823 1056 corruptam,
844 972 990 1059 diligenti
1013 970 1118 1036 studio

170 1075 282 1139 nititur
304 1073 488 1146 reformare,
513 1073 567 1156 qui
590 1073 758 1149 virtutum,
783 1087 851 1137 toto
873 1077 954 1150 nisu,
976 1072 1064 1153 colit,
1086 1086 1119 1140 et

168 1190 292 1241 exercet
316 1177 431 1253 officia,
447 1175 618 1240 rectissime
641 1176 893 1263 philosophatur.
940 1177 1052 1242 Sobria
1070 1192 1118 1244 est

169 1278 254 1343 illius
268 1277 482 1363 investigatio,
499 1279 556 1364 qui
577 1278 680 1364 primo
696 1279 833 1365 seipsum
849 1280 980 1353 excutit,
997 1294 1118 1367 atquae

167 1380 318 1444 interiora
333 1392 417 1458 sunt,
432 1377 602 1462 diligenter
623 1380 795 1456 examinat,
811 1394 843 1444 et
863 1380 1037 1465 coaequalia
1052 1379 1118 1444 sine

167 1482 364 1566 negligentia
384 1482 539 1557 intuetur,
554 1493 586 1543 et
607 1481 772 1566 superiora
791 1480 1026 1566 contemplatur
1044 1504 1116 1546 oum

168 1583 380 1657 veneratione,
396 1595 430 1646 ut
442 1602 521 1645 ausu
534 1582 700 1647 temerario
714 1582 746 1645 in
762 1604 809 1661 ea,
819 1603 894 1669 quae
902 1581 1119 1647 inscrutabilia

167 1699 253 1761 sunt,
270 1707 333 1748 non
349 1684 516 1770 irrumpat.
564 1683 627 1749 Hic
645 1684 756 1769 utique
771 1684 811 1748 de
827 1707 935 1748 senon
952 1684 1115 1770 superbitr

168 1788 285 1851 variam
299 1786 412 1850 mundi
424 1786 730 1872 supellectilem,nisi
739 1798 898 1871 quatenus
909 1790 1116 1851 necessarium

168 1909 224 1954 aur
237 1889 360 1953 licitum
373 1902 431 1965 est,
444 1887 572 1952 minime
581 1888 790 1973 concupiscit:
807 1887 953 1974 proximo
962 1887 1118 1974 impendit

167 1990 350 2054 caritatem:
375 1988 568 2062 coelestibus,
591 1987 647 2074 qui
670 1987 773 2053 vultui
798 1988 859 2051 Dei
881 2011 1004 2075 semper
1025 1990 1117 2055 assis·

168 2105 254 2168 tunt,
275 2089 494 2168 reverentiam,
509 2103 541 2153 et
563 2111 721 2153 amorem:
745 2103 776 2152 et
799 2091 952 2156 bonorum
974 2091 1115 2155 omnium

169 2192 301 2275 gratiam
328 2204 359 2254 et
387 2189 509 2255 laudem
541 2189 637 2253 refert
667 2190 784 2254 divinae
811 2191 984 2276 majestati:
1020 2215 1115 2278 quam

167 2291 280 2378 utique
296 2313 353 2355 nee
375 2291 467 2376 plene
487 2312 576 2354 nosse
596 2291 752 2376 permittit
773 2291 967 2358 immensitas
982 2295 1050 2368 sui;
1074 2307 1117 2375 et,

168 2397 193 2458 ri
222 2415 280 2458 nos
306 2416 368 2457 non
395 2394 610 2458 laboraremus
635 2394 818 2459 infirmitate
840 2419 906 2481 qua
930 2397 1117 2482 premimur,

167 2519 223 2560 nec
255 2495 346 2582 plene
374 2495 521 2580 ignorare
549 2495 657 2560 sinunt
686 2513 858 2562 creaturae:
894 2522 967 2585 quae
996 2522 1115 2576 omnes,

167 2597 257 2684 quasi
274 2597 410 2684 quadam
436 2597 563 2684 publica
585 2599 797 2674 attestatione,
812 2604 961 2664 creatoris
982 2601 1115 2684 gloriam

168 2713 400 2785 praeconantur.
446 2700 532 2766 Hine
554 2715 601 2765 est
623 2701 703 2766 illud
728 2702 904 2765 Salomonis
926 2701 958 2764 in
983 2703 1117 2767 Prover-

167 2802 240 2868 biis:
262 2803 341 2867 Nori
355 2805 463 2885 erigar
478 2805 583 2868 oculos
598 2810 669 2866 tuos
684 2805 814 2885 adapes
828 2805 1036 2885 quaababere
1049 2826 1117 2868 rrorr

166 2912 263 2987 poter,
280 2904 355 2988 quia
370 2903 485 2969 facient
497 2904 557 2968 sibi
572 2925 692 2987 pennas
707 2917 743 2967 ut
759 2903 887 2988 aquilae,
899 2916 931 2968 et
943 2902 1115 2970 avolabunt

166 3004 197 3069 in
223 3004 351 3072 coelum.
397 3007 445 3069 Ut
467 3018 572 3069 autem
598 3005 642 3068 ait
671 3005 887 3088 Augustinus,
912 3005 943 3067 in
970 3003 1051 3068 libro
1075 3004 1116 3069 de

165 3106 288 3184 ordine,
310 3108 403 3172 Deus
424 3110 539 3172 melius
559 3108 726 3170 nesciendo
746 3110 867 3170 scitur:
892 3128 986 3192 quem
1003 3099 1116 3193 siquis

165 3210 295 3296 ignarus
317 3224 515 3289 naturarum,
537 3222 568 3273 et
591 3231 727 3289 morum,
747 3209 971 3295 rationumque
992 3210 1116 3297 eupidi-

165 3327 308 3379 tatumve
332 3337 453 3391 servus,
477 3326 508 3380 at
535 3316 630 3379 rebar
651 3316 863 3396 pereuntibus
885 3317 1030 3388 initians,
1056 3324 1116 3380 aut

155 3418 246 3499 sorte
267 3424 354 3481 casta
375 3420 494 3493 vireas,
513 3424 544 3481 at
565 3417 813 3498 disciplinarum
835 3418 972 3492 nescim,
992 3419 1117 3499 ingenii

164 3520 284 3583 uiribus
306 3519 491 3600 quaerendo,
517 3525 549 3581 at
571 3517 779 3598 disputanda,
804 3519 950 3581 invenire
974 3521 1115 3604 confidit,

162 3623 372 3703 proculdubio
396 3628 525 3684 tantum
550 3621 679 3698 errabit,
704 3628 864 3701 quantam
886 3625 991 3685 errari
1012 3624 1116 3704 pluri-

166 3745 252 3789 mam
275 3731 385 3806 potest.
435 3721 520 3786 Alibi
544 3743 692 3806 quoque:
724 3720 924 3803 Ignorantia
947 3725 1023 3800 Dei,
1048 3726 1117 3805 qiua

163 3828 327 3891 uerissima
342 3826 505 3907 sapientia
525 3831 590 3888 eat:
613 3835 645 3887 et
667 3823 759 3887 item:
783 3825 862 3889 Non
877 3833 924 3889 eat
941 3847 1044 3907 parra
1057 3826 1116 3888 roi-

163 3931 252 3992 entia
269 3928 309 3991 da
323 3927 393 3990 Deo
407 3929 497 4002 aetra,
509 3927 590 4007 quid
602 3947 669 3991 aaa
683 3930 728 3991 ait
742 3927 854 3992 Deus:
876 3930 954 4006 quia
969 3925 1047 4012 quid
1063 3924 1115 4002 sit,

165 4032 294 4094 omnino
310 4027 381 4092 seiri
396 4047 457 4090 non
473 4038 588 4110 potest.
