2992 5592
575 822 796 868 ENTHETICUS.

217 970 301 1032 Vicit
317 973 446 1035 avaritia
460 972 594 1049 Midam,
613 976 734 1039 feritate
749 979 885 1051 leonem,

303 1074 448 1136 Astutam
465 1077 592 1157 vulpem
607 1076 771 1140 fraudibus
786 1089 882 1160 atque
898 1078 991 1153 dolis,

219 1173 280 1241 Qui
288 1176 441 1256 populum
449 1178 631 1260 pressit‚qui
635 1177 1163 1262 juscontempsitetaequum,1806

303 1277 375 1346 Quo
390 1278 487 1359 lupus
503 1287 537 1339 et
552 1279 642 1358 tigris
658 1279 764 1342 mitior
779 1281 882 1342 omnis
897 1295 981 1357 erat;

219 1375 293 1436 Plus
308 1396 363 1437 suc
380 1377 532 1457 pollutus,
548 1381 659 1462 quovis
676 1381 871 1460 petulantior
885 1381 984 1458 hirco,

303 1479 460 1541 Venditor
474 1482 630 1558 ecclesiae,
646 1483 826 1564 proditione
842 1496 968 1566 potens,

217 1580 390 1659 Sanguinis
405 1581 535 1644 humani
551 1584 689 1664 cupidus
704 1584 887 1668 vindexque
902 1585 1050 1662 serarum,

305 1679 367 1755 Qui
383 1682 475 1744 titulo
491 1684 574 1765 regis
589 1685 737 1766 publicus
753 1685 854 1748 hostis
868 1698 945 1748 erat.
1080 1685 1165 1751 lato

218 1783 349 1843 Ponitur
364 1785 529 1866 exemplar
543 1787 651 1865 legum
666 1789 884 1870 populumque
898 1787 1043 1868 regendi,

301 1884 347 1945 Et
363 1885 444 1946 bene
461 1885 587 1948 vivendi
603 1886 739 1950 formula
754 1898 842 1949 certa
857 1887 960 1950 datur.

215 1984 305 2046 Juvit
320 2007 391 2047 eum
408 1987 496 2068 pacis
514 1989 628 2062 cultus,
644 1989 701 2051 sed
719 2010 804 2052 more
819 1992 954 2073 tyranni,

303 2086 454 2151 Comeret
470 2102 504 2152 ut
518 2091 656 2172 pedibus
672 2092 800 2155 subdita
815 2103 931 2155 cuncta
945 2094 1020 2156 suis.

219 2188 292 2250 Hoc
308 2191 367 2252 sub
382 2212 455 2271 rege
471 2192 566 2274 lupus
580 2193 693 2255 metuit
707 2192 881 2275 suspendia
896 2214 1029 2277 pauper,
1082 2198 1163 2259 lala

301 2293 433 2354 Absolvi
450 2292 574 2374 dignus,
589 2294 616 2356 si
632 2294 707 2357 dare
722 2294 825 2376 possit
839 2315 949 2369 ovem3

217 2390 251 2453 Si
268 2391 341 2455 dare
356 2407 466 2477 posset
481 2416 570 2458 orem
588 2395 731 2458 furtivam
749 2416 806 2457 seu
822 2396 1002 2473 violentam,

303 2495 449 2558 ablatam
467 2494 579 2572 riduae,
594 2507 671 2559 tunc
687 2507 755 2558 erat
769 2497 891 2578 absque
906 2507 1001 2572 uota;

216 2594 279 2665 Qui
296 2594 425 2658 tondere
440 2618 539 2679 pecus
554 2610 680 2679 poterat
693 2598 790 2678 lupus
805 2607 837 2658 et
852 2596 926 2659 dare
940 2597 1046 2660 lanam

304 2698 454 2773 Noverat,
468 2699 520 2761 hic
536 2699 659 2775 insons,
674 2698 726 2759 hic
743 2719 802 2759 ove
818 2696 933 2777 dignus
948 2710 1023 2761 erat
1081 2705 1163 2764 laao

217 2800 290 2860 Non
306 2801 417 2862 nocuit
431 2801 517 2882 vulpi
534 2800 675 2864 fraudem
692 2800 806 2861 secisse
822 2798 940 2859 volenti

303 2902 384 2964 Cum
402 2913 528 2982 pastore
545 2924 635 2965 suum
651 2901 842 2984 participare
856 2900 989 2961 lucmm.

217 3003 291 3065 Vox
307 3013 375 3066 erat
390 3003 501 3065 auditu
518 3004 657 3066 convicti
674 3003 773 3084 digna
787 3000 936 3063 latronis:

303 3103 427 3163 Dicens
442 3102 482 3163 de
498 3103 582 3183 regis
597 3103 732 3165 utilitate
746 3103 870 3184 loquar.

215 3205 298 3266 Nam
314 3203 374 3276 sur,
387 3214 562 3266 consortem
580 3205 635 3287 qui
648 3225 754 3283 regem
767 3202 856 3264 ducit
866 3201 1062 3280 habendum,
1082 3209 1162 3268 laea

303 3303 376 3363 Non
394 3302 478 3385 perit
493 3315 524 3365 et
533 3304 640 3384 justos
655 3324 741 3384 saepe
758 3302 859 3386 perire
875 3301 961 3363 facit.

215 3403 279 3466 Sed
296 3424 390 3466 cruce
407 3403 523 3483 dignus
538 3403 591 3466 hic
609 3413 667 3479 est,
682 3403 736 3486 qui
752 3403 835 3464 furto
850 3403 937 3464 solus
952 3402 1111 3468 inhaerens
1157 3398 1159 3402 ’

302 3506 376 3567 Non
394 3517 483 3567 curat
497 3507 604 3568 socius
612 3504 734 3588 judicis
749 3526 818 3567 esse
833 3507 893 3567 sui.

216 3604 414 3666 Criminibus
422 3604 528 3688 judex
543 3605 645 3688 pretio
662 3607 800 3668 sociatur
814 3626 938 3677 avarus,

303 3706 509 3788 Absolvitque
524 3727 597 3769 reos
611 3707 847 3789 immeritosque
862 3717 965 3768 necat.
1080 3713 1162 3773 laao

251 3807 346 3874 Quod
361 3806 536 3886 Hyrcanos
551 3807 713 3869 moderatis
722 3805 944 3889 pravitatibus
958 3816 990 3868 et
1004 3810 1162 3888 orioinem

501 3908 590 3970 dedit
602 3916 636 3970 et
648 3911 880 3971 anctoritatem.

217 4013 296 4074 Haec
313 4013 369 4075 illo
386 4025 516 4075 manant
530 4013 569 4075 de
579 4013 662 4096 juris
677 4012 774 4089 fonte,
791 4010 875 4096 quod
891 4011 966 4072 olim

298 4114 444 4178 Tradidit
460 4116 635 4183 Hircanus.
652 4115 855 4196 officiumque
871 4131 973 4173 suum.

214 4215 361 4277 Officium
378 4216 442 4295 regi
458 4217 620 4277 conforme
637 4215 704 4289 suit,
720 4214 796 4296 quia
810 4224 948 4274 mentem

302 4314 448 4380 Auctoris
464 4317 606 4400 seqnitur
620 4314 788 4393 ingeniosa
803 4331 926 4374 manus.

212 4419 298 4479 Julia
313 4421 365 4480 lex
384 4420 438 4480 iiio
456 4416 606 4479 dormivit
622 4435 696 4494 rege
713 4414 851 4495 sepulta,
1081 4419 1161 4480 1886
