2992 5592
379 796 442 854 ‘2l8
631 809 766 853 somnis
782 808 1064 853 sauusuuruessrs

467 962 597 1044 Semper
611 973 640 1023 et
657 959 800 1044 insignit,
815 981 911 1045 quem
928 959 1020 1023 docet
1037 984 1105 1023 esse
1120 983 1238 1031 suum;

379 1060 1340 1147 Nuncpede,uuncoculo,nnnclingua‚nunchumerorum285

466 1165 583 1238 Gestu,
599 1185 684 1225 nune
700 1161 811 1225 vultus
824 1161 963 1225 frumine
978 1184 1142 1249 quemque
1156 1177 1260 1229 notat.

382 1261 549 1326 Interdum
567 1277 656 1327 motu
672 1262 787 1346 capitis
801 1260 971 1347 cultusque
987 1262 1093 1346 ligura

467 1367 537 1427 Aut
553 1387 685 1450 operum
701 1387 768 1427 sese
784 1365 883 1428 bestia
898 1387 985 1428 saeva
999 1366 1107 1430 refert.

381 1466 547 1532 Erudiunt
564 1467 681 1546 hostes,
694 1466 748 1530 sed
766 1467 865 1531 bestie
881 1491 965 1531 saeva
978 1469 1156 1553 superbum

469 1567 590 1633 Reddit
606 1582 638 1633 et
653 1567 770 1632 elatum
786 1568 895 1655 dejicit
909 1582 1008 1655 atque
1024 1584 1123 1634 necat.
1269 1576 1336 1633 290

383 1667 512 1734 Proficit
528 1670 569 1734 ad
587 1671 734 1735 meritum
752 1693 862 1758 pugna
877 1672 1017 1735 tenuisse
1031 1694 1191 1747 eoronam,

471 1777 638 1860 IIosteque
652 1788 813 1860 prostrato
826 1774 927 1859 gloria
943 1775 1045 1861 major
1059 1774 1129 1839 erit.

382 1878 496 1960 Pugna
511 1877 616 1959 gravis
629 1876 771 1941 fructum
787 1899 913 1960 magne
926 1875 1080 1939 mercedis
1094 1875 1237 1952 habebit,

470 1979 552 2041 Nam
569 1977 690 2042 meritis
704 2001 823 2042 merces
838 1977 938 2063 digna
951 1976 1059 2042 labore
1074 1977 1178 2042 datur.

383 2080 506 2144 Militat
522 2103 599 2163 ergo
614 2079 703 2144 labor
718 2103 842 2166 semper
858 2091 1071 2165 properatque
1087 2078 1200 2143 mereri
1267 2085 1333 2142 295

470 2181 515 2243 Et
532 2183 643 2244 mortis
658 2202 785 2242 causam
801 2179 869 2244 sive
884 2178 994 2244 salutis
1009 2178 1085 2263 egit.

383 2281 441 2348 llle
458 2280 547 2344 labor
561 2280 648 2345 solus
662 2281 739 2345 vitre
754 2283 870 2345 servire
887 2282 1053 2368 probetur,

466 2382 571 2457 Quem
588 2399 692 2449 moret
706 2398 804 2469 atque
819 2384 901 2469 regit
917 2383 1125 2470 Philosophia
1139 2404 1265 2453 comen

311 2531 314 2539 ι
382 2486 441 2550 tlte
457 2486 524 2549 neci
540 2485 648 2562 servit,
663 2509 759 2572 quem
776 2485 983 2571 Philosophia
997 2484 1160 2573 relinquit,

464 2587 1135 2675 Quaminusest‚quicquidmundushabere
1142 2599 1255 2672 potest.
1266 2593 1331 2650 300

381 2693 414 2759 si
430 2692 502 2778 quis
517 2693 545 2754 ei
563 2705 664 2755 tentat
680 2690 855 2776 condignas
869 2689 974 2754 dicere
991 2688 1113 2764 laudes,

467 2794 583 2858 Delicit
601 2793 773 2878 ingenium,
791 2791 938 2878 victaque
953 2791 1062 2877 lingua
1076 2790 1158 2866 silet,

379 2899 449 2971 Aut
465 2895 489 2959 si
507 2919 567 2958 non
584 2896 684 2975 sileat,
699 2892 852 2971 balbutit,
866 2893 969 2958 dicere
983 2892 1091 2979 gestit,

464 2998 557 3075 Quod
576 3001 685 3084 nequit
702 2997 803 3073 effari,
819 3009 959 3084 notaque
974 3010 1049 3060 vota
1062 2994 1148 3061 fecit.

511 3103 603 3177 Quod
612 3102 812 3184 philosophia
827 3108 858 3163 et
872 3104 998 3163 ceritas
1010 3107 1090 3163 rent
1103 3100 1195 3162 idem.

380 3202 412 3273 Si
430 3226 523 3266 verus
542 3207 629 3270 Deus
643 3216 691 3267 est
707 3199 870 3265 hominum
887 3200 1042 3287 sapientia
1058 3224 1143 3276 rere,
1266 3208 1329 3264 305

465 3307 560 3369 Tunc
575 3328 664 3368 amor
675 3318 721 3367 est
741 3303 805 3366 veri
821 3301 1026 3389 Philosophia
1043 3306 1116 3368 Dei.

381 3407 425 3478 At
440 3405 463 3467 si
480 3405 677 3469 mundanum
694 3404 771 3469 nihil
788 3403 843 3468 illo
859 3404 963 3491 majus
976 3425 1095 3484 amore,

465 3507 509 3569 Et
525 3507 550 3569 si
567 3505 696 3570 divinus
710 3505 816 3570 omnia
833 3506 930 3570 vincit
944 3528 1045 3583 amor,

377 3607 512 3692 Collige,
529 3608 614 3693 quod
632 3608 787 3680 mundum
805 3605 999 3672 transcendit
1018 3607 1235 3691 Philosophia,

466 3706 629 3790 Principio
641 3709 734 3793 cujus
749 3721 872 3775 constat
889 3705 991 3770 inesse
1006 3706 1113 3773 fidem.
1264 3711 1328 3769 310

378 3806 477 3879 Plena
492 3809 694 3874 sacramentis
710 3810 862 3873 virtutem
878 3808 983 3892 gignit
999 3806 1122 3894 alitque

463 3908 584 3984 Christi
602 3932 676 3972 vera
692 3910 782 3987 fides,
797 3926 889 3974 actus
906 3923 1076 3998 utramque
1090 3909 1227 3996 proban

377 4012 511 4099 Absque
526 4013 730 4078 sacramentis
746 4035 808 4077 non
825 4026 872 4077 est
889 4012 957 4077 haec
974 4035 1059 4090 vere,
1073 4034 1130 4079 nec
1144 4011 1200 4076 ine

464 4113 643 4194 Sufficiunt,
659 4115 718 4179 nisi
735 4115 775 4179 sit
790 4114 830 4177 ad
848 4114 931 4178 bona
948 4129 1097 4200 prompta
1113 4135 1237 4188 manus,

374 4214 424 4279 Ad
438 4216 520 4278 bona
531 4232 681 4302 prompte
691 4237 814 4291 manus,
827 4215 853 4277 si
866 4231 994 4301 tempus
1005 4216 1112 4294 detur,
1123 4213 1250 4293 adulto,
1266 4222 1331 4280 315

464 4317 585 4379 Umbra
600 4317 687 4380 fovet
704 4339 830 4403 pueros,
845 4316 1051 4403 ecclesiaeque
1066 4317 1154 4381 litles.

374 4417 475 4479 Omne
491 4417 692 4481 sacramentis
711 4439 870 4480 summum
887 4414 1042 4500 dependit
1060 4417 1210 4481 honorem
1258 4482 1261 4489 ,
