<?xml version="1.0" encoding="UTF-8"?>
<!DOCTYPE html PUBLIC "-//W3C//DTD XHTML 1.0 Transitional//EN"
    "http://www.w3.org/TR/xhtml1/DTD/xhtml1-transitional.dtd">
<html xmlns="http://www.w3.org/1999/xhtml" xml:lang="en" lang="en">
 <head>
  <title>
</title>
<meta http-equiv="Content-Type" content="text/html;charset=utf-8" />
  <meta name='ocr-system' content='tesseract 3.04.00' />
  <meta name='ocr-capabilities' content='ocr_page ocr_carea ocr_par ocr_line ocrx_word'/>
</head>
<body>
  <div class='ocr_page' id='page_1' title='image "./joannissaresber15johngoog_0157.png"; bbox 0 0 2992 5592; ppageno 0'>
   <div class='ocr_carea' id='block_1_1' title="bbox 277 795 1223 877">
    <p class='ocr_par' dir='ltr' id='par_1_1' title="bbox 277 795 1223 877">
     <span class='ocr_line' id='line_1_1' title="bbox 277 795 1223 877; baseline 0.006 -16"><span class='ocrx_word' id='word_1_1' title='bbox 277 815 337 861; x_wconf 79' lang='lat' dir='ltr'>csr.</span> <span class='ocrx_word' id='word_1_2' title='bbox 353 795 445 877; x_wconf 77' lang='lat' dir='ltr'>vua]</span> <span class='ocrx_word' id='word_1_3' title='bbox 610 812 854 864; x_wconf 74' lang='lat' dir='ltr'>narsromcns.</span> <span class='ocrx_word' id='word_1_4' title='bbox 1162 806 1223 867; x_wconf 71' lang='lat'>14³3</span> 
     </span>
    </p>
   </div>
   <div class='ocr_carea' id='block_1_2' title="bbox 266 965 1225 4314">
    <p class='ocr_par' dir='ltr' id='par_1_2' title="bbox 266 965 1225 4314">
     <span class='ocr_line' id='line_1_2' title="bbox 276 965 1224 1054; baseline 0.003 -23"><span class='ocrx_word' id='word_1_5' title='bbox 276 965 619 1051; x_wconf 56' lang='lat' dir='ltr'>assignavirffleccavit.</span> <span class='ocrx_word' id='word_1_6' title='bbox 654 965 847 1054; x_wconf 87' lang='lat' dir='ltr'>Simpliciter</span> <span class='ocrx_word' id='word_1_7' title='bbox 858 983 965 1033; x_wconf 86' lang='lat' dir='ltr'>autem</span> <span class='ocrx_word' id='word_1_8' title='bbox 976 990 1038 1032; x_wconf 93' lang='lat' dir='ltr'>non</span> <span class='ocrx_word' id='word_1_9' title='bbox 1050 968 1224 1037; x_wconf 88' lang='lat' dir='ltr'>alteramur</span> 
     </span>
     <span class='ocr_line' id='line_1_3' title="bbox 274 1065 1225 1157; baseline 0.005 -25"><span class='ocrx_word' id='word_1_10' title='bbox 274 1066 442 1132; x_wconf 87' lang='lat' dir='ltr'>seeundum</span> <span class='ocrx_word' id='word_1_11' title='bbox 466 1065 673 1133; x_wconf 84' lang='lat' dir='ltr'>differentias.</span> <span class='ocrx_word' id='word_1_12' title='bbox 718 1068 815 1134; x_wconf 89' lang='lat' dir='ltr'>Unde</span> <span class='ocrx_word' id='word_1_13' title='bbox 835 1069 929 1136; x_wconf 87' lang='lat' dir='ltr'>etiam</span> <span class='ocrx_word' id='word_1_14' title='bbox 950 1069 1046 1136; x_wconf 89' lang='lat' dir='ltr'>Plato</span> <span class='ocrx_word' id='word_1_15' title='bbox 1064 1073 1225 1157; x_wconf 79' lang='lat' dir='ltr'>arguitur,</span> 
     </span>
     <span class='ocr_line' id='line_1_4' title="bbox 274 1167 1222 1260; baseline 0.007 -27"><span class='ocrx_word' id='word_1_16' title='bbox 274 1182 402 1233; x_wconf 89' lang='lat' dir='ltr'>mortem</span> <span class='ocrx_word' id='word_1_17' title='bbox 418 1169 451 1234; x_wconf 92' lang='lat' dir='ltr'>in</span> <span class='ocrx_word' id='word_1_18' title='bbox 461 1167 647 1234; x_wconf 90' lang='lat' dir='ltr'>animalium</span> <span class='ocrx_word' id='word_1_19' title='bbox 662 1170 846 1236; x_wconf 87' lang='lat' dir='ltr'>definitione</span> <span class='ocrx_word' id='word_1_20' title='bbox 856 1194 985 1260; x_wconf 90' lang='lat' dir='ltr'>ponens.</span> <span class='ocrx_word' id='word_1_21' title='bbox 1033 1173 1123 1242; x_wconf 85' lang='lat' dir='ltr'>Licet</span> <span class='ocrx_word' id='word_1_22' title='bbox 1138 1178 1222 1241; x_wconf 89' lang='lat' dir='ltr'>enim</span> 
     </span>
     <span class='ocr_line' id='line_1_5' title="bbox 271 1269 1222 1362; baseline 0.008 -28"><span class='ocrx_word' id='word_1_23' title='bbox 271 1292 328 1334; x_wconf 88' lang='lat' dir='ltr'>non</span> <span class='ocrx_word' id='word_1_24' title='bbox 343 1269 412 1346; x_wconf 83' lang='lat' dir='ltr'>fiat,</span> <span class='ocrx_word' id='word_1_25' title='bbox 427 1270 464 1334; x_wconf 92' lang='lat' dir='ltr'>id</span> <span class='ocrx_word' id='word_1_26' title='bbox 479 1284 539 1346; x_wconf 86' lang='lat' dir='ltr'>est,</span> <span class='ocrx_word' id='word_1_27' title='bbox 557 1270 657 1356; x_wconf 86' lang='lat' dir='ltr'>magis</span> <span class='ocrx_word' id='word_1_28' title='bbox 671 1276 847 1337; x_wconf 90' lang='lat' dir='ltr'>autminus</span> <span class='ocrx_word' id='word_1_29' title='bbox 862 1273 1066 1360; x_wconf 83' lang='lat' dir='ltr'>praedicetur,</span> <span class='ocrx_word' id='word_1_30' title='bbox 1082 1299 1119 1340; x_wconf 91' lang='lat' dir='ltr'>eo</span> <span class='ocrx_word' id='word_1_31' title='bbox 1134 1277 1222 1362; x_wconf 91' lang='lat' dir='ltr'>quod</span> 
     </span>
     <span class='ocr_line' id='line_1_6' title="bbox 271 1371 1225 1461; baseline 0.005 -25"><span class='ocrx_word' id='word_1_32' title='bbox 271 1371 453 1461; x_wconf 81' lang='lat' dir='ltr'>hujusmodi</span> <span class='ocrx_word' id='word_1_33' title='bbox 465 1395 527 1436; x_wconf 90' lang='lat' dir='ltr'>non</span> <span class='ocrx_word' id='word_1_34' title='bbox 541 1372 718 1458; x_wconf 79' lang='lat' dir='ltr'>suscipiunt</span> <span class='ocrx_word' id='word_1_35' title='bbox 734 1374 835 1459; x_wconf 85' lang='lat' dir='ltr'>magis</span> <span class='ocrx_word' id='word_1_36' title='bbox 846 1388 904 1438; x_wconf 88' lang='lat' dir='ltr'>aut</span> <span class='ocrx_word' id='word_1_37' title='bbox 919 1376 1035 1452; x_wconf 87' lang='lat' dir='ltr'>minus,</span> <span class='ocrx_word' id='word_1_38' title='bbox 1045 1376 1225 1441; x_wconf 86' lang='lat' dir='ltr'>differentia</span> 
     </span>
     <span class='ocr_line' id='line_1_7' title="bbox 271 1473 1224 1553; baseline 0.004 -14"><span class='ocrx_word' id='word_1_39' title='bbox 271 1487 371 1540; x_wconf 72' lang='lat' dir='ltr'>umen</span> <span class='ocrx_word' id='word_1_40' title='bbox 395 1496 460 1539; x_wconf 91' lang='lat' dir='ltr'>non</span> <span class='ocrx_word' id='word_1_41' title='bbox 483 1488 554 1540; x_wconf 89' lang='lat' dir='ltr'>est:</span> <span class='ocrx_word' id='word_1_42' title='bbox 579 1475 633 1539; x_wconf 88' lang='lat' dir='ltr'>sed</span> <span class='ocrx_word' id='word_1_43' title='bbox 656 1473 737 1539; x_wconf 87' lang='lat' dir='ltr'>iorte</span> <span class='ocrx_word' id='word_1_44' title='bbox 761 1476 878 1540; x_wconf 91' lang='lat' dir='ltr'>rectius</span> <span class='ocrx_word' id='word_1_45' title='bbox 900 1477 1046 1541; x_wconf 89' lang='lat' dir='ltr'>habitum</span> <span class='ocrx_word' id='word_1_46' title='bbox 1070 1490 1172 1553; x_wconf 86' lang='lat' dir='ltr'>notat,</span> <span class='ocrx_word' id='word_1_47' title='bbox 1191 1492 1224 1543; x_wconf 88' lang='lat' dir='ltr'>et</span> 
     </span>
     <span class='ocr_line' id='line_1_8' title="bbox 270 1574 1223 1662; baseline 0.001 -22"><span class='ocrx_word' id='word_1_48' title='bbox 270 1575 421 1662; x_wconf 82' lang='lat' dir='ltr'>passionis</span> <span class='ocrx_word' id='word_1_49' title='bbox 435 1574 648 1654; x_wconf 77' lang='lat' dir='ltr'>habilitatem,</span> <span class='ocrx_word' id='word_1_50' title='bbox 669 1588 727 1639; x_wconf 87' lang='lat' dir='ltr'>aut</span> <span class='ocrx_word' id='word_1_51' title='bbox 748 1576 849 1658; x_wconf 88' lang='lat' dir='ltr'>magis</span> <span class='ocrx_word' id='word_1_52' title='bbox 872 1579 1088 1640; x_wconf 85' lang='lat' dir='ltr'>necessitatem</span> <span class='ocrx_word' id='word_1_53' title='bbox 1106 1575 1223 1642; x_wconf 90' lang='lat' dir='ltr'>indicat</span> 
     </span>
     <span class='ocr_line' id='line_1_9' title="bbox 270 1676 1223 1762; baseline 0 -21"><span class='ocrx_word' id='word_1_54' title='bbox 270 1676 418 1762; x_wconf 82' lang='lat' dir='ltr'>patiendi.</span> <span class='ocrx_word' id='word_1_55' title='bbox 466 1677 540 1740; x_wconf 89' lang='lat' dir='ltr'>Hoc</span> <span class='ocrx_word' id='word_1_56' title='bbox 562 1688 668 1741; x_wconf 92' lang='lat' dir='ltr'>autem</span> <span class='ocrx_word' id='word_1_57' title='bbox 699 1677 792 1740; x_wconf 89' lang='lat' dir='ltr'>facile</span> <span class='ocrx_word' id='word_1_58' title='bbox 815 1676 1004 1741; x_wconf 80' lang='lat' dir='ltr'>suadebitur</span> <span class='ocrx_word' id='word_1_59' title='bbox 1028 1678 1223 1754; x_wconf 84' lang='lat' dir='ltr'>Christiano,</span> 
     </span>
     <span class='ocr_line' id='line_1_10' title="bbox 270 1777 1220 1866; baseline 0 -22"><span class='ocrx_word' id='word_1_60' title='bbox 270 1779 322 1866; x_wconf 88' lang='lat' dir='ltr'>qui</span> <span class='ocrx_word' id='word_1_61' title='bbox 344 1777 619 1844; x_wconf 89' lang='lat' dir='ltr'>immortalitatem</span> <span class='ocrx_word' id='word_1_62' title='bbox 641 1792 826 1864; x_wconf 71' lang='lat' dir='ltr'>expectans,</span> <span class='ocrx_word' id='word_1_63' title='bbox 848 1778 1062 1844; x_wconf 86' lang='lat' dir='ltr'>conditionem</span> <span class='ocrx_word' id='word_1_64' title='bbox 1093 1779 1220 1844; x_wconf 84' lang='lat' dir='ltr'>vivendi</span> 
     </span>
     <span class='ocr_line' id='line_1_11' title="bbox 267 1881 1223 1969; baseline 0.001 -23"><span class='ocrx_word' id='word_1_65' title='bbox 267 1881 362 1948; x_wconf 89' lang='lat' dir='ltr'>credit</span> <span class='ocrx_word' id='word_1_66' title='bbox 378 1881 568 1946; x_wconf 79' lang='lat' dir='ltr'>mutandam</span> <span class='ocrx_word' id='word_1_67' title='bbox 590 1883 623 1945; x_wconf 92' lang='lat' dir='ltr'>in</span> <span class='ocrx_word' id='word_1_68' title='bbox 648 1882 773 1962; x_wconf 88' lang='lat' dir='ltr'>melius,</span> <span class='ocrx_word' id='word_1_69' title='bbox 794 1904 857 1945; x_wconf 92' lang='lat' dir='ltr'>non</span> <span class='ocrx_word' id='word_1_70' title='bbox 878 1884 1041 1969; x_wconf 89' lang='lat' dir='ltr'>corrumpi</span> <span class='ocrx_word' id='word_1_71' title='bbox 1063 1895 1223 1948; x_wconf 87' lang='lat' dir='ltr'>naturam.</span> 
     </span>
     <span class='ocr_line' id='line_1_12' title="bbox 272 1984 1223 2071; baseline -0.001 -20"><span class='ocrx_word' id='word_1_72' title='bbox 272 1984 516 2051; x_wconf 88' lang='lat' dir='ltr'>Glorilicabitur</span> <span class='ocrx_word' id='word_1_73' title='bbox 531 1985 614 2049; x_wconf 89' lang='lat' dir='ltr'>enim</span> <span class='ocrx_word' id='word_1_74' title='bbox 627 1985 817 2060; x_wconf 87' lang='lat' dir='ltr'>substantia,</span> <span class='ocrx_word' id='word_1_75' title='bbox 830 1998 862 2051; x_wconf 93' lang='lat' dir='ltr'>et</span> <span class='ocrx_word' id='word_1_76' title='bbox 878 1984 944 2048; x_wconf 87' lang='lat' dir='ltr'>sine</span> <span class='ocrx_word' id='word_1_77' title='bbox 955 1988 1160 2071; x_wconf 84' lang='lat' dir='ltr'>corruptione</span> <span class='ocrx_word' id='word_1_78' title='bbox 1173 1987 1223 2050; x_wconf 87' lang='lat' dir='ltr'>sui</span> 
     </span>
     <span class='ocr_line' id='line_1_13' title="bbox 270 2086 1224 2175; baseline 0.001 -23"><span class='ocrx_word' id='word_1_79' title='bbox 270 2088 427 2155; x_wconf 82' lang='lat' dir='ltr'>eximetur</span> <span class='ocrx_word' id='word_1_80' title='bbox 442 2111 463 2151; x_wconf 89' lang='lat' dir='ltr'>a</span> <span class='ocrx_word' id='word_1_81' title='bbox 477 2088 663 2153; x_wconf 83' lang='lat' dir='ltr'>necessitate</span> <span class='ocrx_word' id='word_1_82' title='bbox 685 2086 838 2170; x_wconf 89' lang='lat' dir='ltr'>patiendi.</span> <span class='ocrx_word' id='word_1_83' title='bbox 885 2087 961 2174; x_wconf 90' lang='lat' dir='ltr'>Ipsa</span> <span class='ocrx_word' id='word_1_84' title='bbox 982 2109 1113 2175; x_wconf 89' lang='lat' dir='ltr'>quoque</span> <span class='ocrx_word' id='word_1_85' title='bbox 1134 2087 1224 2154; x_wconf 90' lang='lat' dir='ltr'>habi·</span> 
     </span>
     <span class='ocr_line' id='line_1_14' title="bbox 268 2188 1225 2278; baseline 0 -24"><span class='ocrx_word' id='word_1_86' title='bbox 268 2190 337 2256; x_wconf 87' lang='lat' dir='ltr'>litas</span> <span class='ocrx_word' id='word_1_87' title='bbox 350 2188 507 2278; x_wconf 87' lang='lat' dir='ltr'>passionis</span> <span class='ocrx_word' id='word_1_88' title='bbox 522 2188 737 2276; x_wconf 80' lang='lat' dir='ltr'>perpetiendae</span> <span class='ocrx_word' id='word_1_89' title='bbox 752 2192 880 2275; x_wconf 90' lang='lat' dir='ltr'>penitus</span> <span class='ocrx_word' id='word_1_90' title='bbox 902 2203 1077 2267; x_wconf 89' lang='lat' dir='ltr'>evanescet,</span> <span class='ocrx_word' id='word_1_91' title='bbox 1093 2189 1225 2276; x_wconf 89' lang='lat' dir='ltr'>quando</span> 
     </span>
     <span class='ocr_line' id='line_1_15' title="bbox 270 2290 1223 2378; baseline -0.002 -21"><span class='ocrx_word' id='word_1_92' title='bbox 270 2291 401 2359; x_wconf 82' lang='lat' dir='ltr'>mortale</span> <span class='ocrx_word' id='word_1_93' title='bbox 422 2290 694 2356; x_wconf 87' lang='lat' dir='ltr'>immortalitatem</span> <span class='ocrx_word' id='word_1_94' title='bbox 724 2291 837 2356; x_wconf 90' lang='lat' dir='ltr'>induet</span> <span class='ocrx_word' id='word_1_95' title='bbox 860 2306 962 2357; x_wconf 90' lang='lat' dir='ltr'>morte</span> <span class='ocrx_word' id='word_1_96' title='bbox 990 2293 1157 2378; x_wconf 87' lang='lat' dir='ltr'>absorpta:</span> <span class='ocrx_word' id='word_1_97' title='bbox 1190 2305 1223 2356; x_wconf 87' lang='lat' dir='ltr'>et</span> 
     </span>
     <span class='ocr_line' id='line_1_16' title="bbox 268 2391 1223 2480; baseline -0.001 -21"><span class='ocrx_word' id='word_1_98' title='bbox 268 2392 473 2479; x_wconf 82' lang='lat' dir='ltr'>corruptibile</span> <span class='ocrx_word' id='word_1_99' title='bbox 503 2414 599 2470; x_wconf 90' lang='lat' dir='ltr'>nunc,</span> <span class='ocrx_word' id='word_1_100' title='bbox 628 2392 898 2479; x_wconf 86' lang='lat' dir='ltr'>incorruptionem</span> <span class='ocrx_word' id='word_1_101' title='bbox 922 2391 1108 2480; x_wconf 81' lang='lat' dir='ltr'>possidebit.</span> <span class='ocrx_word' id='word_1_102' title='bbox 1153 2394 1223 2458; x_wconf 88' lang='lat' dir='ltr'>Nec</span> 
     </span>
     <span class='ocr_line' id='line_1_17' title="bbox 267 2493 1224 2582; baseline -0.001 -22"><span class='ocrx_word' id='word_1_103' title='bbox 267 2496 381 2560; x_wconf 89' lang='lat' dir='ltr'>mirum</span> <span class='ocrx_word' id='word_1_104' title='bbox 392 2493 620 2559; x_wconf 84' lang='lat' dir='ltr'>mortalitatem</span> <span class='ocrx_word' id='word_1_105' title='bbox 634 2494 834 2581; x_wconf 86' lang='lat' dir='ltr'>passibilitati</span> <span class='ocrx_word' id='word_1_106' title='bbox 844 2495 969 2576; x_wconf 76' lang='lat' dir='ltr'>ascribi,</span> <span class='ocrx_word' id='word_1_107' title='bbox 978 2518 1079 2582; x_wconf 91' lang='lat' dir='ltr'>quum</span> <span class='ocrx_word' id='word_1_108' title='bbox 1095 2494 1224 2559; x_wconf 92' lang='lat' dir='ltr'>immor-</span> 
     </span>
     <span class='ocr_line' id='line_1_18' title="bbox 268 2595 1222 2683; baseline -0.001 -21"><span class='ocrx_word' id='word_1_109' title='bbox 268 2597 371 2663; x_wconf 79' lang='lat' dir='ltr'>talitas</span> <span class='ocrx_word' id='word_1_110' title='bbox 386 2597 467 2682; x_wconf 86' lang='lat' dir='ltr'>ipsa,</span> <span class='ocrx_word' id='word_1_111' title='bbox 482 2596 657 2661; x_wconf 70' lang='lat' dir='ltr'>meandum</span> <span class='ocrx_word' id='word_1_112' title='bbox 674 2595 888 2671; x_wconf 83' lang='lat' dir='ltr'>Aristotelem,</span> <span class='ocrx_word' id='word_1_113' title='bbox 901 2600 1006 2683; x_wconf 89' lang='lat' dir='ltr'>passio</span> <span class='ocrx_word' id='word_1_114' title='bbox 1022 2597 1063 2661; x_wconf 90' lang='lat' dir='ltr'>sit</span> <span class='ocrx_word' id='word_1_115' title='bbox 1077 2596 1222 2661; x_wconf 87' lang='lat' dir='ltr'>dicenda.</span> 
     </span>
     <span class='ocr_line' id='line_1_19' title="bbox 268 2696 1223 2775; baseline -0.005 -10"><span class='ocrx_word' id='word_1_116' title='bbox 268 2699 319 2765; x_wconf 79' lang='lat' dir='ltr'>Ait</span> <span class='ocrx_word' id='word_1_117' title='bbox 333 2699 436 2763; x_wconf 88' lang='lat' dir='ltr'>enim:</span> <span class='ocrx_word' id='word_1_118' title='bbox 460 2697 571 2763; x_wconf 84' lang='lat' dir='ltr'>Passio</span> <span class='ocrx_word' id='word_1_119' title='bbox 585 2699 662 2761; x_wconf 78' lang='lat' dir='ltr'>vitae</span> <span class='ocrx_word' id='word_1_120' title='bbox 681 2711 713 2762; x_wconf 90' lang='lat' dir='ltr'>et</span> <span class='ocrx_word' id='word_1_121' title='bbox 733 2721 837 2775; x_wconf 88' lang='lat' dir='ltr'>casus,</span> <span class='ocrx_word' id='word_1_122' title='bbox 859 2696 1080 2760; x_wconf 91' lang='lat' dir='ltr'>immortalitas</span> <span class='ocrx_word' id='word_1_123' title='bbox 1095 2696 1223 2760; x_wconf 90' lang='lat' dir='ltr'>videtur</span> 
     </span>
     <span class='ocr_line' id='line_1_20' title="bbox 268 2797 1222 2884; baseline -0.005 -19"><span class='ocrx_word' id='word_1_124' title='bbox 268 2822 341 2866; x_wconf 83' lang='lat' dir='ltr'>esse.</span> <span class='ocrx_word' id='word_1_125' title='bbox 385 2799 545 2874; x_wconf 89' lang='lat' dir='ltr'>Quoniam</span> <span class='ocrx_word' id='word_1_126' title='bbox 561 2813 667 2864; x_wconf 86' lang='lat' dir='ltr'>antem</span> <span class='ocrx_word' id='word_1_127' title='bbox 684 2822 793 2863; x_wconf 86' lang='lat' dir='ltr'>verum</span> <span class='ocrx_word' id='word_1_128' title='bbox 809 2797 955 2884; x_wconf 91' lang='lat' dir='ltr'>estquod</span> <span class='ocrx_word' id='word_1_129' title='bbox 970 2797 1101 2874; x_wconf 87' lang='lat' dir='ltr'>dicitnr,</span> <span class='ocrx_word' id='word_1_130' title='bbox 1116 2799 1222 2883; x_wconf 89' lang='lat' dir='ltr'>palam</span> 
     </span>
     <span class='ocr_line' id='line_1_21' title="bbox 269 2899 1222 2988; baseline -0.003 -22"><span class='ocrx_word' id='word_1_131' title='bbox 269 2902 331 2980; x_wconf 88' lang='lat' dir='ltr'>llet,</span> <span class='ocrx_word' id='word_1_132' title='bbox 346 2903 376 2968; x_wconf 90' lang='lat' dir='ltr'>si</span> <span class='ocrx_word' id='word_1_133' title='bbox 390 2901 467 2988; x_wconf 86' lang='lat' dir='ltr'>quis</span> <span class='ocrx_word' id='word_1_134' title='bbox 481 2901 632 2966; x_wconf 88' lang='lat' dir='ltr'>concedat</span> <span class='ocrx_word' id='word_1_135' title='bbox 646 2924 685 2966; x_wconf 89' lang='lat' dir='ltr'>ex</span> <span class='ocrx_word' id='word_1_136' title='bbox 702 2901 828 2966; x_wconf 87' lang='lat' dir='ltr'>mortali</span> <span class='ocrx_word' id='word_1_137' title='bbox 851 2901 991 2987; x_wconf 89' lang='lat' dir='ltr'>aliquem</span> <span class='ocrx_word' id='word_1_138' title='bbox 1007 2899 1075 2963; x_wconf 87' lang='lat' dir='ltr'>lieri</span> <span class='ocrx_word' id='word_1_139' title='bbox 1094 2899 1222 2963; x_wconf 86' lang='lat' dir='ltr'>immor·</span> 
     </span>
     <span class='ocr_line' id='line_1_22' title="bbox 267 3000 1220 3075; baseline -0.006 -6"><span class='ocrx_word' id='word_1_140' title='bbox 267 3003 372 3069; x_wconf 80' lang='lat' dir='ltr'>talem.</span> <span class='ocrx_word' id='word_1_141' title='bbox 418 3001 540 3067; x_wconf 86' lang='lat' dir='ltr'>Nullus</span> <span class='ocrx_word' id='word_1_142' title='bbox 554 3004 636 3067; x_wconf 89' lang='lat' dir='ltr'>enim</span> <span class='ocrx_word' id='word_1_143' title='bbox 653 3003 737 3066; x_wconf 87' lang='lat' dir='ltr'>dicet</span> <span class='ocrx_word' id='word_1_144' title='bbox 758 3003 853 3066; x_wconf 91' lang='lat' dir='ltr'>aliam</span> <span class='ocrx_word' id='word_1_145' title='bbox 868 3023 942 3065; x_wconf 90' lang='lat' dir='ltr'>eum</span> <span class='ocrx_word' id='word_1_146' title='bbox 958 3000 1057 3063; x_wconf 89' lang='lat' dir='ltr'>vitam</span> <span class='ocrx_word' id='word_1_147' title='bbox 1081 3021 1220 3075; x_wconf 88' lang='lat' dir='ltr'>sumere,</span> 
     </span>
     <span class='ocr_line' id='line_1_23' title="bbox 273 3100 1222 3191; baseline -0.009 -18"><span class='ocrx_word' id='word_1_148' title='bbox 273 3104 325 3173; x_wconf 81' lang='lat' dir='ltr'>red</span> <span class='ocrx_word' id='word_1_149' title='bbox 345 3126 460 3170; x_wconf 86' lang='lat' dir='ltr'>casam</span> <span class='ocrx_word' id='word_1_150' title='bbox 482 3102 633 3191; x_wconf 86' lang='lat' dir='ltr'>aliquem,</span> <span class='ocrx_word' id='word_1_151' title='bbox 657 3103 704 3168; x_wconf 86' lang='lat' dir='ltr'>vel</span> <span class='ocrx_word' id='word_1_152' title='bbox 735 3103 912 3188; x_wconf 88' lang='lat' dir='ltr'>passionem</span> <span class='ocrx_word' id='word_1_153' title='bbox 942 3101 1017 3166; x_wconf 89' lang='lat' dir='ltr'>huic</span> <span class='ocrx_word' id='word_1_154' title='bbox 1039 3101 1142 3167; x_wconf 88' lang='lat' dir='ltr'>eidem</span> <span class='ocrx_word' id='word_1_155' title='bbox 1165 3100 1222 3165; x_wconf 82' lang='lat' dir='ltr'>ad·</span> 
     </span>
     <span class='ocr_line' id='line_1_24' title="bbox 267 3202 1221 3293; baseline -0.003 -22"><span class='ocrx_word' id='word_1_156' title='bbox 267 3211 432 3291; x_wconf 64' lang='lat' dir='ltr'>generari:</span> <span class='ocrx_word' id='word_1_157' title='bbox 463 3229 564 3293; x_wconf 89' lang='lat' dir='ltr'>quare</span> <span class='ocrx_word' id='word_1_158' title='bbox 589 3229 652 3270; x_wconf 91' lang='lat' dir='ltr'>non</span> <span class='ocrx_word' id='word_1_159' title='bbox 676 3218 724 3270; x_wconf 89' lang='lat' dir='ltr'>est</span> <span class='ocrx_word' id='word_1_160' title='bbox 745 3228 848 3291; x_wconf 86' lang='lat' dir='ltr'>genus</span> <span class='ocrx_word' id='word_1_161' title='bbox 873 3204 941 3267; x_wconf 83' lang='lat' dir='ltr'>vita</span> <span class='ocrx_word' id='word_1_162' title='bbox 967 3202 1221 3268; x_wconf 85' lang='lat' dir='ltr'>immortalitatis.</span> 
     </span>
     <span class='ocr_line' id='line_1_25' title="bbox 269 3305 1221 3397; baseline -0.006 -22"><span class='ocrx_word' id='word_1_163' title='bbox 269 3309 391 3397; x_wconf 85' lang='lat' dir='ltr'>Utique</span> <span class='ocrx_word' id='word_1_164' title='bbox 414 3322 446 3373; x_wconf 88' lang='lat' dir='ltr'>et</span> <span class='ocrx_word' id='word_1_165' title='bbox 469 3308 543 3373; x_wconf 89' lang='lat' dir='ltr'>binc</span> <span class='ocrx_word' id='word_1_166' title='bbox 564 3321 699 3385; x_wconf 87' lang='lat' dir='ltr'>constat,</span> <span class='ocrx_word' id='word_1_167' title='bbox 724 3307 803 3394; x_wconf 91' lang='lat' dir='ltr'>quia</span> <span class='ocrx_word' id='word_1_168' title='bbox 823 3305 956 3370; x_wconf 88' lang='lat' dir='ltr'>mortale</span> <span class='ocrx_word' id='word_1_169' title='bbox 979 3318 1010 3368; x_wconf 86' lang='lat' dir='ltr'>et</span> <span class='ocrx_word' id='word_1_170' title='bbox 1032 3305 1221 3382; x_wconf 83' lang='lat' dir='ltr'>immortale,</span> 
     </span>
     <span class='ocr_line' id='line_1_26' title="bbox 268 3408 1221 3498; baseline -0.003 -21"><span class='ocrx_word' id='word_1_171' title='bbox 268 3433 328 3477; x_wconf 89' lang='lat' dir='ltr'>non</span> <span class='ocrx_word' id='word_1_172' title='bbox 343 3424 419 3477; x_wconf 83' lang='lat' dir='ltr'>sunt</span> <span class='ocrx_word' id='word_1_173' title='bbox 436 3410 610 3477; x_wconf 87' lang='lat' dir='ltr'>virentium</span> <span class='ocrx_word' id='word_1_174' title='bbox 627 3411 746 3498; x_wconf 89' lang='lat' dir='ltr'>species</span> <span class='ocrx_word' id='word_1_175' title='bbox 761 3421 817 3474; x_wconf 86' lang='lat' dir='ltr'>aut</span> <span class='ocrx_word' id='word_1_176' title='bbox 828 3408 1027 3485; x_wconf 75' lang='lat' dir='ltr'>differentiae,</span> <span class='ocrx_word' id='word_1_177' title='bbox 1044 3408 1097 3472; x_wconf 91' lang='lat' dir='ltr'>sed</span> <span class='ocrx_word' id='word_1_178' title='bbox 1111 3411 1221 3495; x_wconf 84' lang='lat' dir='ltr'>potins</span> 
     </span>
     <span class='ocr_line' id='line_1_27' title="bbox 268 3512 1219 3593; baseline -0.003 -14"><span class='ocrx_word' id='word_1_179' title='bbox 268 3514 378 3580; x_wconf 87' lang='lat' dir='ltr'>modos</span> <span class='ocrx_word' id='word_1_180' title='bbox 406 3512 536 3580; x_wconf 82' lang='lat' dir='ltr'>vivendi</span> <span class='ocrx_word' id='word_1_181' title='bbox 566 3513 718 3593; x_wconf 91' lang='lat' dir='ltr'>indicant,</span> <span class='ocrx_word' id='word_1_182' title='bbox 753 3526 809 3578; x_wconf 87' lang='lat' dir='ltr'>aut</span> <span class='ocrx_word' id='word_1_183' title='bbox 840 3527 963 3577; x_wconf 78' lang='lat' dir='ltr'>naturae</span> <span class='ocrx_word' id='word_1_184' title='bbox 998 3512 1219 3578; x_wconf 93' lang='lat' dir='ltr'>conditionem.</span> 
     </span>
     <span class='ocr_line' id='line_1_28' title="bbox 270 3613 1222 3703; baseline -0.003 -22"><span class='ocrx_word' id='word_1_185' title='bbox 270 3614 427 3703; x_wconf 70' lang='lat' dir='ltr'>Eqmdem</span> <span class='ocrx_word' id='word_1_186' title='bbox 444 3614 523 3679; x_wconf 89' lang='lat' dir='ltr'>nihil</span> <span class='ocrx_word' id='word_1_187' title='bbox 539 3615 612 3679; x_wconf 90' lang='lat' dir='ltr'>mali</span> <span class='ocrx_word' id='word_1_188' title='bbox 629 3613 661 3679; x_wconf 92' lang='lat' dir='ltr'>in</span> <span class='ocrx_word' id='word_1_189' title='bbox 677 3615 868 3693; x_wconf 84' lang='lat' dir='ltr'>substantia,</span> <span class='ocrx_word' id='word_1_190' title='bbox 879 3637 950 3679; x_wconf 90' lang='lat' dir='ltr'>nam</span> <span class='ocrx_word' id='word_1_191' title='bbox 964 3615 1053 3700; x_wconf 89' lang='lat' dir='ltr'>qnod</span> <span class='ocrx_word' id='word_1_192' title='bbox 1063 3616 1222 3701; x_wconf 89' lang='lat' dir='ltr'>cujusque</span> 
     </span>
     <span class='ocr_line' id='line_1_29' title="bbox 266 3715 1220 3804; baseline -0.001 -23"><span class='ocrx_word' id='word_1_193' title='bbox 266 3717 436 3804; x_wconf 89' lang='lat' dir='ltr'>optimum,</span> <span class='ocrx_word' id='word_1_194' title='bbox 470 3715 552 3780; x_wconf 89' lang='lat' dir='ltr'>inest</span> <span class='ocrx_word' id='word_1_195' title='bbox 587 3717 777 3780; x_wconf 62' lang='lat' dir='ltr'>substantiae</span> <span class='ocrx_word' id='word_1_196' title='bbox 814 3717 960 3780; x_wconf 86' lang='lat' dir='ltr'>maxime.</span> <span class='ocrx_word' id='word_1_197' title='bbox 1019 3719 1080 3782; x_wconf 91' lang='lat' dir='ltr'>Est</span> <span class='ocrx_word' id='word_1_198' title='bbox 1114 3729 1220 3782; x_wconf 88' lang='lat' dir='ltr'>antem</span> 
     </span>
     <span class='ocr_line' id='line_1_30' title="bbox 267 3817 1221 3904; baseline -0.001 -22"><span class='ocrx_word' id='word_1_199' title='bbox 267 3817 404 3896; x_wconf 80' lang='lat' dir='ltr'>difficile,</span> <span class='ocrx_word' id='word_1_200' title='bbox 427 3817 487 3883; x_wconf 89' lang='lat' dir='ltr'>nisi</span> <span class='ocrx_word' id='word_1_201' title='bbox 511 3820 644 3884; x_wconf 90' lang='lat' dir='ltr'>multam</span> <span class='ocrx_word' id='word_1_202' title='bbox 669 3839 773 3882; x_wconf 91' lang='lat' dir='ltr'>rernm</span> <span class='ocrx_word' id='word_1_203' title='bbox 798 3820 943 3882; x_wconf 88' lang='lat' dir='ltr'>notitiam</span> <span class='ocrx_word' id='word_1_204' title='bbox 968 3819 1109 3898; x_wconf 91' lang='lat' dir='ltr'>habenti,</span> <span class='ocrx_word' id='word_1_205' title='bbox 1127 3841 1221 3904; x_wconf 81' lang='lat' dir='ltr'>regu-</span> 
     </span>
     <span class='ocr_line' id='line_1_31' title="bbox 267 3918 1222 4008; baseline -0.005 -21"><span class='ocrx_word' id='word_1_206' title='bbox 267 3918 374 3987; x_wconf 78' lang='lat' dir='ltr'>lariter</span> <span class='ocrx_word' id='word_1_207' title='bbox 387 3941 459 3986; x_wconf 88' lang='lat' dir='ltr'>eam</span> <span class='ocrx_word' id='word_1_208' title='bbox 475 3920 618 3996; x_wconf 83' lang='lat' dir='ltr'>definire,</span> <span class='ocrx_word' id='word_1_209' title='bbox 634 3944 736 4005; x_wconf 91' lang='lat' dir='ltr'>quum</span> <span class='ocrx_word' id='word_1_210' title='bbox 754 3920 974 3985; x_wconf 87' lang='lat' dir='ltr'>substantialia</span> <span class='ocrx_word' id='word_1_211' title='bbox 996 3943 1082 4008; x_wconf 84' lang='lat' dir='ltr'>saepe</span> <span class='ocrx_word' id='word_1_212' title='bbox 1102 3922 1222 3985; x_wconf 89' lang='lat' dir='ltr'>incerta</span> 
     </span>
     <span class='ocr_line' id='line_1_32' title="bbox 267 4019 1221 4109; baseline -0.007 -21"><span class='ocrx_word' id='word_1_213' title='bbox 267 4025 338 4099; x_wconf 82' lang='lat' dir='ltr'>sint,</span> <span class='ocrx_word' id='word_1_214' title='bbox 353 4027 406 4089; x_wconf 81' lang='lat' dir='ltr'>vel</span> <span class='ocrx_word' id='word_1_215' title='bbox 421 4023 464 4088; x_wconf 92' lang='lat' dir='ltr'>ob</span> <span class='ocrx_word' id='word_1_216' title='bbox 487 4021 704 4085; x_wconf 83' lang='lat' dir='ltr'>difficultatem</span> <span class='ocrx_word' id='word_1_217' title='bbox 729 4045 847 4101; x_wconf 88' lang='lat' dir='ltr'>rerum,</span> <span class='ocrx_word' id='word_1_218' title='bbox 870 4038 902 4087; x_wconf 91' lang='lat' dir='ltr'>et</span> <span class='ocrx_word' id='word_1_219' title='bbox 924 4024 1148 4109; x_wconf 83' lang='lat' dir='ltr'>ignorantiam,</span> <span class='ocrx_word' id='word_1_220' title='bbox 1172 4019 1221 4082; x_wconf 85' lang='lat' dir='ltr'>rel</span> 
     </span>
     <span class='ocr_line' id='line_1_33' title="bbox 267 4121 1219 4212; baseline -0.011 -21"><span class='ocrx_word' id='word_1_221' title='bbox 267 4138 398 4212; x_wconf 89' lang='lat' dir='ltr'>propter</span> <span class='ocrx_word' id='word_1_222' title='bbox 420 4124 663 4209; x_wconf 85' lang='lat' dir='ltr'>ambiguitatem</span> <span class='ocrx_word' id='word_1_223' title='bbox 689 4146 879 4189; x_wconf 89' lang='lat' dir='ltr'>sermonum.</span> <span class='ocrx_word' id='word_1_224' title='bbox 926 4128 1008 4188; x_wconf 91' lang='lat' dir='ltr'>Sunt</span> <span class='ocrx_word' id='word_1_225' title='bbox 1033 4122 1127 4186; x_wconf 88' lang='lat' dir='ltr'>etiam</span> <span class='ocrx_word' id='word_1_226' title='bbox 1153 4121 1219 4206; x_wconf 92' lang='lat' dir='ltr'>ple·</span> 
     </span>
     <span class='ocr_line' id='line_1_34' title="bbox 267 4221 1220 4314; baseline -0.007 -25"><span class='ocrx_word' id='word_1_227' title='bbox 267 4248 366 4314; x_wconf 81' lang='lat' dir='ltr'>reque</span> <span class='ocrx_word' id='word_1_228' title='bbox 395 4250 482 4314; x_wconf 80' lang='lat' dir='ltr'>quae,</span> <span class='ocrx_word' id='word_1_229' title='bbox 515 4237 648 4310; x_wconf 83' lang='lat' dir='ltr'>urgente</span> <span class='ocrx_word' id='word_1_230' title='bbox 671 4240 797 4306; x_wconf 92' lang='lat' dir='ltr'>natura,</span> <span class='ocrx_word' id='word_1_231' title='bbox 820 4227 958 4312; x_wconf 86' lang='lat' dir='ltr'>propriis</span> <span class='ocrx_word' id='word_1_232' title='bbox 980 4221 1220 4286; x_wconf 86' lang='lat' dir='ltr'>definitionibus</span> 
     </span>
    </p>
   </div>
   <div class='ocr_carea' id='block_1_3' title="bbox 265 4319 1223 4515">
    <p class='ocr_par' dir='ltr' id='par_1_3' title="bbox 265 4319 1223 4515">
     <span class='ocr_line' id='line_1_35' title="bbox 265 4319 1220 4412; baseline -0.008 -23"><span class='ocrx_word' id='word_1_233' title='bbox 265 4341 394 4401; x_wconf 78' lang='lat' dir='ltr'>carent3</span> <span class='ocrx_word' id='word_1_234' title='bbox 419 4341 457 4390; x_wconf 91' lang='lat' dir='ltr'>ut</span> <span class='ocrx_word' id='word_1_235' title='bbox 480 4326 648 4412; x_wconf 86' lang='lat' dir='ltr'>principia,</span> <span class='ocrx_word' id='word_1_236' title='bbox 671 4351 708 4390; x_wconf 83' lang='lat' dir='ltr'>eo</span> <span class='ocrx_word' id='word_1_237' title='bbox 739 4327 826 4411; x_wconf 87' lang='lat' dir='ltr'>quod</span> <span class='ocrx_word' id='word_1_238' title='bbox 850 4347 975 4389; x_wconf 88' lang='lat' dir='ltr'>sursum</span> <span class='ocrx_word' id='word_1_239' title='bbox 1000 4319 1220 4407; x_wconf 86' lang='lat' dir='ltr'>pergentibus,</span> 
     </span>
     <span class='ocr_line' id='line_1_36' title="bbox 266 4421 1223 4515; baseline -0.004 -23"><span class='ocrx_word' id='word_1_240' title='bbox 266 4451 387 4510; x_wconf 88' lang='lat' dir='ltr'>eorum,</span> <span class='ocrx_word' id='word_1_241' title='bbox 401 4427 479 4515; x_wconf 86' lang='lat' dir='ltr'>quia</span> <span class='ocrx_word' id='word_1_242' title='bbox 504 4451 566 4493; x_wconf 93' lang='lat' dir='ltr'>non</span> <span class='ocrx_word' id='word_1_243' title='bbox 582 4441 656 4492; x_wconf 89' lang='lat' dir='ltr'>sunt</span> <span class='ocrx_word' id='word_1_244' title='bbox 675 4451 803 4513; x_wconf 80' lang='lat' dir='ltr'>genera,</span> <span class='ocrx_word' id='word_1_245' title='bbox 822 4449 883 4490; x_wconf 90' lang='lat' dir='ltr'>non</span> <span class='ocrx_word' id='word_1_246' title='bbox 906 4435 1077 4487; x_wconf 89' lang='lat' dir='ltr'>occurrunt</span> <span class='ocrx_word' id='word_1_247' title='bbox 1092 4435 1123 4486; x_wconf 93' lang='lat' dir='ltr'>et</span> <span class='ocrx_word' id='word_1_248' title='bbox 1138 4421 1223 4488; x_wconf 90' lang='lat' dir='ltr'>indi-</span> 
     </span>
    </p>
   </div>
   <div class='ocr_carea' id='block_1_4' title="bbox 0 0 1500 5592">
    <p class='ocr_par' dir='ltr' id='par_1_4' title="bbox 0 0 1500 5592">
     <span class='ocr_line' id='line_1_37' title="bbox 0 0 1500 5592; baseline 0 1"><span class='ocrx_word' id='word_1_249' title='bbox 0 0 1500 5592; x_wconf 95' lang='lat' dir='ltr'> </span> 
     </span>
    </p>
   </div>
  </div>
 </body>
</html>
