2992 5592
365 790 428 847 aot
624 799 759 843 Joausrs
775 797 1052 841 saussuamaxsrs

452 949 624 1035 Sanguinis
640 964 676 1014 ut
692 949 775 1013 dicat
793 970 916 1033 semper
932 947 1048 1011 habere
1063 945 1159 1012 sitim.
1258 951 1300 1010 40

366 1052 492 1138 Desipit
507 1065 626 1128 orator,
643 1054 764 1115 animos
779 1050 963 1136 quicunque
977 1049 1098 1113 seroces

449 1159 470 1220 J
474 1154 574 1218 udicis
588 1154 716 1239 allegat,
735 1162 771 1216 nt
785 1151 877 1216 cadat
892 1154 941 1216 ira
954 1152 1071 1238 gravis.

365 1255 515 1320 Numinis
529 1269 577 1320 est
594 1258 759 1342 propriam
777 1254 916 1317 misereri
932 1276 1055 1341 semper
1070 1254 1112 1318 ab
1126 1255 1209 1340 ipso,

452 1360 525 1422 Hoc
542 1357 688 1443 quisquis
704 1371 857 1434 removet,
871 1355 1009 1441 denegat
1025 1378 1091 1419 esse
1108 1360 1227 1420 Deum.

518 1462 613 1535 Quod
626 1461 806 1542 desperatio
820 1460 1046 1542 blasphemium
1058 1465 1161 1541 parit.

368 1559 436 1635 Qui
453 1576 549 1647 negat
563 1584 632 1625 esse
649 1565 767 1638 Deum,
782 1559 876 1646 plane
892 1559 1091 1639 blasphemat
1105 1573 1138 1624 et
1155 1560 1246 1646 ignes
1259 1566 1324 1626 495

454 1663 492 1726 In
510 1687 541 1727 se
557 1662 731 1740 succendit,
747 1662 810 1727 tela
825 1685 1013 1748 crucemque
1029 1673 1130 1749 parat,

368 1767 523 1830 vaocat
539 1779 689 1830 aeternam
707 1777 853 1838 mortem,
869 1787 967 1851 quam
983 1787 1075 1828 nemo
1091 1787 1202 1829 cavere

456 1867 578 1932 Sufficit
594 1867 716 1953 absque
733 1867 814 1945 Deo,
830 1889 924 1949 quem
940 1865 1031 1951 furor
1046 1889 1113 1930 esse
1127 1880 1233 1952 negat.

368 1970 497 2035 Proficit
513 1992 590 2054 ergo
604 1965 796 2053 bonisjugis
811 1966 977 2033 meditatio
992 1967 1114 2045 mortis,

454 2071 550 2136 Unde
566 2070 647 2156 perit
663 2070 795 2148 stultus,
810 2069 866 2156 qui
881 2069 973 2134 timet
989 2070 1108 2155 absque
1126 2068 1233 2132 modo.
1258 2069 1325 2130 490

677 2171 730 2234 De
744 2174 856 2234 timore
866 2170 1008 2254 probato.

367 2276 430 2338 Est
445 2273 603 2359 majestati
620 2285 732 2357 gratus
748 2272 863 2338 modus
879 2271 931 2337 ille
946 2273 1091 2348 timendi,

453 2373 594 2438 Crimina
609 2373 667 2458 qui
683 2373 764 2438 vitat
780 2376 887 2438 omnia
902 2397 1054 2461 spemque
1069 2375 1166 2453 fovet,

364 2476 428 2555 Qui
445 2476 700 2563 veritusjustum
718 2475 828 2541 recolit
845 2477 972 2562 pietatis
987 2491 1018 2543 et
1034 2477 1108 2541 inde

451 2582 471 2644 J
475 2578 577 2643 udicis
591 2578 736 2663 agnoscit
753 2600 865 2642 nomeu
882 2593 913 2643 et
930 2579 1005 2644 inde
1021 2580 1133 2667 patris,

367 2679 499 2768 Quique
514 2681 680 2768 potestatis
695 2680 739 2746 sic
755 2681 832 2744 iram
850 2681 940 2757 vitat,
958 2695 993 2748 ut
1008 2683 1104 2746 instet
1259 2691 1324 2749 405

454 2782 613 2848 Dulcibus
627 2783 788 2869 obsequiis
802 2784 1012 2870 promeruisse
1027 2798 1159 2870 patrem.

709 2885 872 2969 Definitio
885 2890 978 2951 cacia

370 2992 435 3054 Aer
450 2988 587 3065 subtilis,
605 3011 698 3073 quem
716 3002 832 3074 guttur
844 2989 962 3054 format
977 3003 1010 3055 et
1024 2990 1087 3054 oris

455 3088 598 3175 Organa,
613 3089 670 3176 qui
686 3088 791 3153 sonitu
808 3089 908 3174 possit
923 3090 964 3154 ab
980 3113 1056 3154 aure
1071 3091 1154 3176 capi,

366 3195 437 3258 Vox
454 3206 513 3273 est,
529 3216 603 3280 quae
618 3205 734 3256 reserat
748 3191 815 3267 uni,
833 3191 912 3277 quid
927 3193 1048 3278 cogitet
1063 3192 1153 3269 alter,

454 3299 555 3380 Inque
572 3295 670 3359 vicem
688 3293 793 3358 reddit
809 3293 917 3381 pervia
932 3294 1029 3358 corda
1043 3295 1116 3359 sibi.
1254 3299 1321 3360 500

411 3397 506 3470 Quod
518 3399 648 3463 Stoicus
652 3401 795 3479 fatalem
812 3396 936 3460 inducit
950 3401 1181 3462 necessitatem.

367 3499 493 3563 Stoicus
508 3510 651 3561 arctatus
665 3497 734 3561 fato
749 3508 842 3578 putat
858 3519 925 3560 essa
941 3519 1065 3563 necesse

454 3602 590 3664 Currere
605 3612 719 3663 cuncta
735 3597 841 3673 modo,
857 3622 922 3685 quo
937 3599 1032 3664 modo
1047 3600 1129 3665 secla
1144 3601 1260 3676 fluunt,

367 3701 517 3766 Numinis
533 3700 701 3763 arbitrium
718 3699 890 3784 disponens
904 3702 1012 3764 omnia
1027 3701 1130 3766 saturn

453 3800 552 3873 Dicit,
568 3799 657 3885 quod
674 3800 783 3864 nullus
798 3825 952 3867 evacuare
966 3814 1081 3889 potest.

367 3905 448 3970 Inde
462 3901 678 3988 genethliacus
694 3901 815 3967 sollerti
832 3904 933 3970 sidera
947 3928 1024 3970 cura
1252 3911 1317 3968 505

452 4003 574 4071 Circuit
590 4014 622 4065 et
638 4002 780 4068 tumidus
796 4020 901 4072 versat
916 4021 1088 4093 utrumque
1103 4009 1225 4092 polum,

366 4110 512 4173 Eventus
527 4105 638 4170 dulces
653 4104 825 4190 spondens,
841 4107 923 4171 male
939 4107 1056 4173 mulcet
1070 4108 1189 4172 amicos

452 4213 497 4276 Et
512 4207 609 4273 falsus
625 4222 713 4272 vates
727 4228 813 4292 saepc
830 4208 940 4272 timere
955 4209 1043 4285 facit,

365 4313 497 4400 Colligit
513 4325 671 4376 astrorum
688 4323 804 4385 motus,
823 4323 859 4374 ut
875 4311 1004 4396 colliget
1020 4311 1114 4376 astris

452 4420 540 4488 Fata,
556 4413 625 4500 pari
641 4411 748 4476 studio
761 4433 879 4476 numen
892 4426 924 4477 et
939 4425 1025 4475 astra
1036 4412 1124 4477 colit.
1259 4418 1323 4478 510
