2992 5592
403 786 442 843 16
661 798 798 844 rosssrs
815 797 1094 840 saussaaarsssrs
1235 780 1318 854 [ara.
1336 799 1359 844 r.

402 948 588 1014 liberalibus
617 948 801 1033 disciplinis,
830 949 922 1012 litera
950 947 1027 1010 nihil
1062 960 1141 1022 erat,
1172 961 1204 1012 et
1240 949 1362 1036 ubique

401 1052 533 1136 spiritus
558 1053 777 1137 quaerebatur,
801 1051 869 1137 qui,
900 1062 934 1112 ut
961 1053 1063 1124 aiunt,
1092 1049 1170 1114 latet
1197 1051 1230 1113 in
1258 1051 1360 1116 litera.

402 1154 522 1238 Hylam
535 1178 601 1217 esse
611 1154 652 1217 ab
666 1153 819 1231 Hercule,
831 1151 974 1215 validum
990 1151 1108 1215 scilicet
1121 1170 1360 1236 argumentum,

400 1277 420 1317 a
434 1254 507 1317 forti
523 1269 555 1319 et
575 1254 708 1318 robusto
722 1266 979 1336 argumentatore
1000 1266 1175 1337 potestates
1190 1254 1360 1333 vocalium,

400 1356 544 1442 quinque
559 1358 635 1442 jura
658 1379 847 1441 regn01·um;
878 1356 961 1419 etin
984 1353 1071 1418 hunc
1093 1355 1223 1419 modum
1247 1356 1361 1420 docere

400 1458 516 1535 omnia,
533 1457 675 1523 studium
695 1457 783 1521 illius
802 1458 907 1521 aetatis
927 1471 1005 1521 erat.
1054 1455 1240 1521 lnsolubilis
1260 1459 1291 1522 in
1309 1459 1360 1521 illa

401 1560 696 1646 Philosophantium
719 1560 825 1624 schola
841 1571 917 1623 tunc
938 1560 1091 1645 temporis
1105 1562 1243 1646 quaestio
1265 1561 1359 1626 habe·

400 1663 507 1744 batur,
519 1687 557 1728 an
574 1685 699 1749 porcus,
711 1662 768 1749 qui
781 1662 821 1726 ad
836 1659 1025 1725 venalitium
1040 1661 1157 1745 agitur,
1168 1664 1210 1726 ab
1223 1663 1358 1742 homine,

401 1788 440 1829 on
462 1789 481 1829 a
501 1766 644 1830 funiculo
668 1779 825 1831 teneatur.
870 1764 965 1840 Item,
985 1785 1024 1826 an
1046 1767 1213 1847 capucium
1236 1768 1357 1842 emerit,

401 1869 458 1956 qui
496 1891 630 1953 cappam
669 1868 824 1952 integram
864 1865 1071 1950 comparavit.
1131 1867 1358 1932 Inconveniens

402 1993 532 2055 prorsus
551 1984 619 2034 erat
639 1970 752 2048 oratio,
768 1968 798 2030 in
818 1991 884 2054 qua
898 1969 966 2033 haec
987 1970 1095 2046 verba,
1111 1972 1312 2048 convenienS,
1328 1986 1356 2036 et

401 2070 622 2135 inconveniens
644 2084 880 2152 argumentum,
895 2083 926 2134 et
949 2071 1032 2135 ratio
1055 2092 1116 2133 non
1138 2075 1355 2159 perstrepebat

402 2172 620 2259 multiplicatis
635 2170 801 2257 particulis
821 2172 986 2256 negativis,
1002 2186 1033 2236 et
1054 2173 1193 2257 trajectis
1208 2198 1266 2259 per
1281 2199 1356 2251 esse,

402 2287 435 2339 et
460 2297 521 2338 non
541 2297 617 2353 esse,
639 2275 683 2338 ita
704 2288 740 2339 ut
756 2274 877 2339 calculo
897 2297 979 2362 opus
998 2289 1090 2356 esset,
1106 2279 1234 2362 quoties
1253 2277 1357 2341 fuerat

401 2377 643 2464 disputandum.
673 2377 827 2463 Alioquin
845 2378 892 2442 vis
904 2379 1120 2442 affirmationis
1135 2392 1166 2442 et
1179 2381 1355 2464 negationis

403 2491 471 2543 erat
500 2480 670 2564 incognita.
716 2484 800 2544 Nam
830 2481 1021 2566 plerumque
1050 2479 1268 2546 affirmationis
1294 2487 1355 2547 vim

402 2583 499 2648 habet
524 2584 685 2669 geminata
709 2583 855 2668 negatio:
888 2584 1031 2668 itemque
1057 2581 1103 2646 vis
1128 2584 1293 2668 negatoria
1317 2585 1356 2648 ab

402 2687 514 2773 impari
539 2708 671 2750 numero
697 2687 898 2750 convalescit.
946 2686 1108 2770 Siquidem
1139 2685 1268 2770 negatio
1294 2687 1358 2772 ple-

403 2811 540 2876 rumque
561 2791 686 2866 iterata,
709 2791 843 2874 seipsam
870 2789 1018 2874 perimit;
1051 2802 1082 2853 et
1104 2788 1358 2869 contradictioni,

402 2889 484 2954 sicut
501 2890 687 2975 regulariter
701 2890 865 2977 proditum
886 2904 946 2964 est,
963 2905 1161 2976 coaequatur.
1207 2891 1256 2953 Ut
1272 2914 1356 2974 ergo,

402 2995 472 3080 pan'
495 2993 564 3057 loco
589 3017 628 3058 an
653 2993 766 3078 impari
794 3006 948 3071 versetur,
969 2991 1162 3079 deprehendi
1186 3007 1297 3077 queat,
1319 2995 1356 3056 ad

402 3097 659 3183 disceptationes,
671 3096 834 3162 collectam
851 3096 956 3160 labam
972 3109 1003 3159 et
1019 3097 1119 3181 pisam
1135 3094 1271 3172 deferre,
1287 3119 1358 3182 quae

402 3200 660 3277 conveniebatur,
697 3199 829 3265 consilio
863 3199 1016 3287 prudenti
1052 3212 1259 3263 consueverat
1269 3226 1278 3277 3
1316 3203 1358 3263 ita

403 3302 533 3386 quidem
556 3302 581 3364 si
597 3301 771 3366 intellectui
793 3324 907 3376 rerum,
925 3323 998 3385 qua·
1020 3299 1212 3364 videbantur
1226 3301 1258 3363 in
1274 3325 1358 3387 quae·

372 3416 388 3437 ·
403 3402 503 3466 stione
519 3403 647 3479 versari,
659 3425 786 3487 operam
803 3402 910 3468 dabat.
947 3402 1127 3467 Sufficiebat
1141 3402 1181 3466 ad
1194 3401 1357 3468 victoriam

402 3503 556 3569 verbosus
570 3503 698 3583 clamor,
710 3520 740 3568 et
758 3505 814 3590 qui
831 3505 1042 3592 undecunque
1057 3506 1179 3592 aliquid
1193 3507 1357 3585 inferebat,

402 3603 443 3668 ad
473 3604 627 3691 propositi
655 3608 860 3691 perveniebat
892 3623 1018 3673 metam.
1065 3609 1184 3689 Poetae,
1214 3610 1357 3674 historio-

401 3706 527 3793 graphi,
553 3707 753 3772 habebantur
779 3709 925 3790 infames,
949 3725 981 3775 et
1008 3711 1033 3773 si
1057 3711 1131 3796 quis
1155 3711 1357 3777 incumbebat

401 3807 565 3872 laboribus
587 3812 803 3894 antiquorum,
820 3811 1001 3891 notabatur,
1016 3826 1047 3875 et
1070 3835 1131 3875 non
1154 3812 1250 3875 modo
1265 3813 1359 3877 asello

402 3908 552 3972 Arcadiae
582 3909 713 3990 tardior,
739 3910 793 3974 sed
820 3911 964 3975 obtusior
993 3912 1137 3999 plumbo,
1163 3914 1212 3977 vel
1243 3915 1357 4001 lapide,

402 4009 549 4074 omnibus
564 4022 631 4073 erat
655 4015 686 4073 in
702 4011 810 4076 risum.
857 4013 928 4077 Suis
948 4013 1042 4088 enim,
1058 4028 1113 4076 aut
1137 4017 1283 4099 magistri
1299 4017 1357 4089 sui,

402 4113 538 4199 quisque
565 4112 768 4176 incumbebat
795 4113 939 4177 inventis.
993 4115 1059 4177 Nec
1086 4114 1145 4177 hoc
1172 4132 1278 4179 tamen
1305 4116 1358 4179 diu

401 4215 546 4280 licitum:
578 4236 679 4298 quum
707 4214 768 4299 ipsi
797 4215 956 4279 auditores
979 4216 1011 4278 in
1036 4215 1122 4278 brevi
1146 4220 1357 4282 coerrantium

402 4317 525 4402 impetu
558 4330 755 4402 urgerentur,
786 4331 820 4379 ut
847 4331 877 4379 et
909 4317 981 4403 ipsi,
1008 4318 1124 4403 spretis
1154 4318 1215 4394 his,
1242 4343 1316 4405 quae
1341 4338 1359 4380 a

403 4416 586 4485 doctoribus
615 4419 678 4482 suis
713 4418 891 4497 audierant,
921 4420 1085 4497 cuderent,
1116 4434 1148 4483 et
1189 4423 1360 4487 conderent
