2992 5592
286 811 453 896 car.xx1.]
636 833 879 882 nararoarcus.
1192 827 1234 885 58

283 981 380 1048 lianua
403 1003 475 1048 eam
503 984 704 1050 commendat
730 985 821 1062 adeo,
848 999 885 1052 ut
913 985 1015 1053 dicat:
1050 992 1128 1073 quia
1154 1011 1235 1056 usna

278 1092 511 1170 psammutioea,
531 1095 563 1152 ct
583 1110 675 1153 amor
694 1091 847 1167 lectionis,
865 1112 932 1155 non
951 1094 1133 1158 aetolorum
1154 1101 1232 1158 tem·

278 1192 419 1273 poribus,
433 1192 491 1255 aed
509 1193 587 1255 aitae
600 1195 705 1274 spatio
721 1196 922 1259 terminetur.
966 1194 1048 1258 Nam
1069 1208 1100 1259 et
1116 1195 1232 1260 intelli·

279 1310 351 1374 gere
367 1288 473 1364 docet,
489 1301 521 1353 et
542 1287 665 1354 dicere:
694 1305 843 1357 accentus
858 1293 951 1377 regit,
967 1306 999 1359 et
1020 1291 1121 1380 ipsius
1136 1296 1232 1378 vocis,

280 1413 344 1476 qua
358 1390 484 1456 utimur
505 1404 604 1477 prout
619 1394 762 1479 personia
781 1406 814 1459 et
829 1395 924 1460 rebus
943 1398 1101 1478 convenit,
1116 1422 1232 1485 usque·

279 1516 408 1581 quaque
430 1494 643 1559 instrumenta
663 1497 837 1582 componit.
883 1497 968 1562 Nam
990 1512 1022 1564 et
1045 1500 1232 1587 pronuntia·

280 1594 377 1661 tionis
397 1595 449 1660 lex
473 1596 537 1661 alia
561 1609 675 1673 metro,
697 1597 761 1661 alia
784 1620 888 1683 prosae
913 1600 1139 1685 praescribitur.
1184 1601 1233 1667 si-

279 1697 410 1784 quidem
426 1699 488 1763 alia
502 1696 624 1780 melica,
639 1699 701 1763 alia
714 1701 859 1777 metrica,
870 1701 933 1764 alia
947 1701 1157 1785 significativa
1171 1717 1228 1770 est.

281 1800 346 1867 Sed
370 1801 413 1865 ad
436 1802 589 1867 musicam
617 1802 730 1867 melica
756 1802 902 1887 pertinet.
948 1803 1046 1868 Unde
1067 1816 1099 1869 et
1123 1806 1231 1871 Caeaar

279 1915 480 1988 pretextatus
493 1903 622 1990 egregio
644 1917 816 1969 scommate
832 1903 905 1970 lusit
928 1905 961 1968 in
983 1904 1162 1991 quendam:
1190 1910 1232 1974 Si

280 2008 368 2088 legia,
389 2015 526 2081 cantum
561 2011 590 2072 ai
611 2016 738 2085 centua,
761 2010 988 2074 malecautus.
1034 2008 1084 2073 Eo
1105 2021 1230 2096 spectat

280 2108 367 2195 quod
387 2111 582 2176 Martianus
602 2111 636 2174 in
658 2109 782 2195 nuptiis
802 2111 956 2176 Mercurii
976 2125 1008 2177 et
1028 2112 1228 2199 philologiae,

281 2212 531 2278 Grammaticam
555 2213 645 2278 ducit
668 2236 741 2276 cum
765 2212 900 2300 scalpro,
922 2226 954 2278 et
976 2214 1091 2293 ferula,
1114 2232 1146 2282 et
1170 2241 1227 2282 un·

279 2314 457 2398 guentiaria
470 2313 591 2401 pyxide
602 2315 809 2381 medicorum.
844 2315 974 2403 Scalpro
989 2317 1147 2403 siquidem
1163 2321 1230 2386 oria

278 2416 354 2483 vitia
372 2430 503 2505 purgat,
517 2430 548 2482 et
564 2416 734 2482 infantium
757 2417 893 2503 linguas,
907 2418 964 2505 qui
978 2419 1019 2483 ad
1039 2433 1139 2487 artem
1155 2423 1228 2509 phi·

277 2519 437 2608 losophiae,
461 2544 499 2584 ea
524 2520 739 2607 praelactante,
765 2521 902 2598 cibante,
929 2535 961 2587 et
986 2521 1123 2589 ducente
1148 2524 1227 2590 ituri

277 2638 363 2704 aunt,
376 2623 473 2703 radit,
489 2623 566 2687 dum
582 2623 706 2687 erudit:
734 2637 766 2688 et
783 2647 821 2687 ne
841 2624 1047 2706 barbarismo,
1063 2640 1119 2691 aut
1135 2627 1227 2691 soloe·

276 2729 373 2791 cismo
395 2725 590 2804 balbutiant,
611 2729 645 2790 in
673 2748 816 2789 sermone
838 2725 1030 2811 performat:
1061 2742 1228 2812 peccantes

276 2839 380 2895 autem
407 2827 544 2915 castigat
569 2827 691 2902 serula3
724 2841 758 2893 et
787 2840 954 2914 unguento
984 2827 1169 2910 honestatis,
1194 2846 1227 2901 et

277 2932 435 3011 utilitatis,
459 2954 535 3018 quae
560 2954 600 2995 ex
626 2953 664 2994 ea
693 2934 851 3015 provenit,
879 2930 1069 3015 patientium
1099 2933 1227 3017 mitigat

276 3055 413 3118 poenam.
451 3035 588 3097 Manum
600 3055 731 3118 quoque
745 3031 786 3095 ad
802 3045 887 3095 recte
901 3032 1104 3095 scribendum
1119 3033 1227 3099 reddit

277 3134 441 3207 idoneam
464 3136 549 3200 acuit
561 3148 593 3199 et
605 3134 719 3208 visum,
733 3145 769 3196 ut
782 3130 810 3195 ei
822 3145 930 3217 partes
942 3131 1041 3195 literae
1054 3131 1226 3212 densiores,

276 3234 1227 3322 autvelummultipliciterelaboratum,obstarenonpossit.

274 3339 386 3425 Aperit
406 3360 510 3409 aures,
534 3361 614 3425 quas
637 3355 701 3401 tam
723 3336 887 3421 gravibus,
909 3356 1006 3421 quam
1029 3336 1144 3413 acutis,
1162 3336 1226 3404 imo

274 3456 306 3506 et
321 3441 443 3507 cunctis
459 3442 601 3518 vocibus,
618 3439 724 3504 reddit
740 3436 968 3502 accommodas.
1014 3437 1048 3504 Si
1063 3461 1140 3524 ergo
1155 3453 1225 3507 tan.

275 3556 340 3609 tum
358 3543 507 3609 utilitatis
528 3551 670 3630 praestat,
687 3554 718 3605 et
741 3539 839 3605 clavis
858 3551 905 3603 est
927 3542 1068 3604 omnium
1089 3541 1226 3626 scriptu.

273 3669 391 3724 rarum,
407 3655 440 3710 et
454 3646 553 3710 totius
573 3647 725 3709 sermonis
744 3656 846 3708 mater
861 3656 894 3706 et
915 3642 1047 3721 arbitra,
1060 3640 1134 3728 quis
1154 3668 1224 3710 eam

271 3746 515 3833 aPhilosophioe
525 3744 690 3809 liminibus
701 3743 832 3819 arcebit,
842 3742 902 3806 nisi
911 3741 967 3828 qui
980 3741 1224 3827 intelligentiam

271 3873 378 3915 eorum
403 3872 480 3937 quae
505 3849 670 3924 dicuntur,
693 3859 750 3911 aut
773 3847 891 3932 scripta
912 3859 999 3925 sunt,
1020 3844 1061 3908 ad
1085 3846 1224 3931 philoso-

270 3953 435 4042 phandum
458 3953 561 4018 credit
583 3975 649 4016 esse
675 3950 879 4038 superfluam.
923 3949 1049 4034 Utique
1072 3950 1128 4035 qui
1153 3974 1224 4015 eam

269 4058 437 4143 abjiciunt,
458 4067 515 4119 aut
537 4067 756 4130 contemnunt,
777 4075 876 4116 caecos
896 4065 926 4114 et
951 4050 1064 4114 surdos
1084 4049 1224 4137 philoso-

267 4160 368 4243 phicis
399 4157 517 4223 studiis
544 4154 666 4220 faciunt
701 4155 851 4242 aptiores,
882 4176 980 4240 quam
1011 4173 1075 4225 eoa,
1106 4151 1224 4236 quibua

269 4277 394 4327 natura}
420 4259 539 4346 gratia,
565 4257 680 4342 integri
711 4278 821 4321 sensus
848 4253 987 4339 vigorem
1016 4249 1164 4325 contulit,
1191 4262 1222 4313 et

265 4375 442 4431 conservat.
