2992 5592
271 793 487 873 cannara]
624 808 868 857 uaranonrcns.
1166 804 1222 862 191

269 975 326 1038 est,
352 961 479 1026 conscia
503 960 648 1037 rationis,
675 976 707 1026 et
735 960 964 1047 passibilitatis.
1010 963 1095 1029 Vera
1116 978 1224 1031 autem

268 1063 383 1128 albedo
407 1075 467 1137 est,
493 1085 569 1147 qnae
594 1062 752 1127 albificat:
785 1086 860 1147 quae
882 1063 1009 1148 justum
1036 1065 1125 1144 facit,
1149 1091 1225 1132 vera

264 1164 402 1252 justitia.
449 1165 483 1227 Si
498 1161 577 1228 mihi
592 1187 655 1227 non
676 1165 791 1239 credis,
809 1164 857 1228 vel
873 1187 989 1249 magno
1011 1167 1149 1244 Hilario,
1165 1170 1222 1255 qui

270 1265 435 1332 Gallicano
446 1264 604 1329 cothurno
618 1263 789 1342 attollitur,
801 1279 833 1330 et
849 1288 868 1327 a
883 1265 1017 1331 lectione
1031 1269 1222 1355 simplicium

274 1369 385 1454 procul
401 1380 463 1443 est,
477 1388 586 1430 aurem
602 1368 720 1453 praebe.

270 1623 351 1708 Cap.
366 1628 420 1686 31.
447 1621 539 1688 Quod
553 1622 640 1683 homo
656 1622 829 1703 perfectam
846 1645 906 1687 non
930 1622 1044 1685 lrabeat
1061 1625 1224 1703 rationem,

440 1731 469 1785 et
485 1724 567 1805 quod
577 1743 680 1785 verum
697 1725 913 1805 multipliciter
927 1727 1052 1788 dicitur.

313 1882 370 1947 Ur
391 1895 500 1947 autern
522 1904 672 1966 geramus
694 1904 813 1945 morem
839 1883 963 1959 Stoicis,
981 1884 1037 1969 qui
1059 1883 1141 1947 circa
1156 1907 1224 1949 ver-

270 1983 384 2048 borum
398 1982 600 2048 analecticem
619 1983 666 2046 vel
683 1983 859 2067 analogiam
877 1984 1097 2065 sollicitantur,
1114 2009 1223 2051 rerum

268 2084 389 2150 dictum
405 2098 453 2149 est
471 2107 492 2148 a
515 2085 631 2148 Graeco
655 2084 766 2159 heron,
782 2085 869 2170 quod
887 2084 1014 2150 firmum
1038 2099 1071 2150 et
1095 2087 1220 2162 stabile,

269 2207 321 2250 sau
346 2199 471 2250 certum
494 2201 526 2251 et
550 2187 671 2250 clarum
700 2187 939 2272 interpretatur.
986 2189 1072 2252 Hinc
1102 2187 1224 2252 Heroes

267 2285 343 2352 dicti
358 2301 445 2368 sunt,
456 2287 514 2373 qui
525 2287 652 2351 firmum
664 2297 697 2350 et
709 2289 854 2352 stabilem
871 2288 979 2374 adepti
992 2303 1067 2355 sunt
1081 2290 1220 2375 gradum

266 2410 304 2452 ex
317 2389 477 2452 consortio
489 2389 667 2467 numinum,
682 2389 802 2474 quibus
817 2413 870 2453 eos
885 2391 1031 2456 fabulosa
1045 2392 1221 2477 antiquitas

271 2490 410 2554 sociavit.
461 2489 507 2552 Hi
535 2512 610 2553 vero
639 2489 751 2570 ἡμίθεοι,
779 2493 901 2556 Heroas
930 2495 1106 2579 nuncupati
1135 2507 1222 2570 sunt,

270 2590 351 2656 sicut
375 2591 555 2656 Martianus
579 2590 634 2665 ait,
650 2614 688 2654 ex
712 2615 751 2656 eo
776 2592 863 2677 quod
880 2608 1001 2658 veteres
1016 2606 1130 2658 terram
1156 2596 1224 2680 ἦραν

270 2690 521 2777 appellaverunt.
565 2695 610 2755 Et
633 2692 692 2755 hoc
714 2692 844 2777 quidem
870 2716 889 2755 a
912 2693 1103 2757 certitudine
1125 2695 1223 2760 stabi-

270 2791 367 2858 litatis
382 2816 459 2857 suoe.
501 2793 568 2856 Nos
582 2807 701 2866 autem,
716 2816 778 2856 non
795 2793 958 2873 semideos,
970 2792 1027 2877 qui
1043 2793 1123 2857 nulli
1136 2808 1222 2875 sunt,

269 2893 321 2957 sed
343 2915 401 2957 nec
423 2894 546 2966 heroes,
562 2895 605 2958 ob
626 2894 770 2980 perfidioe
794 2906 912 2974 notam,
927 2893 1053 2979 aliquos
1075 2893 1222 2974 dicimus,

269 2993 321 3058 ted
336 2994 573 3059 translationem
585 2994 771 3072 electorum,
784 3017 858 3079 quae
874 2995 914 3059 sit
929 3018 948 3058 a
964 2993 1173 3058 fluctuatione
1187 3008 1220 3060 et

270 3096 408 3160 vanitate
423 3097 583 3159 mundana
598 3096 637 3159 ad
654 3095 800 3181 gloriam,
813 3117 895 3158 verae
910 3092 1112 3159 certitudinis
1127 3107 1157 3159 et
1171 3095 1223 3158 fir.

268 3217 328 3259 mae
349 3196 544 3274 stabilitatis,
568 3197 665 3260 verbo
691 3196 904 3280 significamus
933 3195 1110 3259 Catholico.
1155 3196 1222 3259 Eos

267 3319 448 3384 namque,a
469 3298 718 3373 confirmatione,
741 3319 839 3382 quam
862 3295 970 3381 adepti
993 3307 1080 3372 sunt,
1097 3309 1222 3361 sanctos

266 3398 484 3485 appellamus3
523 3398 681 3485 siquidem
711 3398 844 3474 sancire,
871 3397 1057 3460 confirmare
1083 3409 1148 3461 est:
1189 3411 1221 3462 et

266 3512 404 3578 unctus,
413 3501 617 3564 confirmatus
629 3501 661 3563 in
675 3500 794 3562 virtute
808 3498 856 3561 vel
869 3497 980 3582 gloria.
1021 3498 1094 3561 Hoc
1108 3499 1221 3583 utique

266 3614 313 3666 est
327 3624 347 3665 a
362 3602 502 3666 vanitate
523 3602 632 3677 eximi,
648 3614 680 3666 et
702 3600 886 3666 inveritate
910 3602 1037 3663 versari.
1082 3599 1221 3665 Proinde

267 3722 389 3781 verum,
411 3702 470 3766 hoc
497 3704 641 3776 verbum,
664 3701 912 3767 confirmationis
939 3713 1014 3764 nota
1040 3713 1100 3776 est,
1124 3701 1222 3766 stabi·

267 3801 453 3889 litatemque
469 3804 627 3888 significat
644 3805 700 3884 rei,
715 3805 766 3867 cui
790 3806 872 3867 ratio
894 3801 1031 3865 fideliter
1053 3804 1151 3888 possit
1173 3803 1221 3865 in·

265 3904 331 3969 niti.
378 3905 504 3969 Veritas
520 3928 607 3981 vero,
623 3928 735 3968 nomen
754 3903 959 3968 firmitudinis
982 3917 1013 3967 et
1037 3903 1222 3967 stabilitatis

266 4019 321 4070 est.
368 4007 436 4069 Nec
452 4017 588 4081 moveat,
604 4006 692 4091 quod
708 4029 767 4092 pro
782 4005 974 4090 aspiratione
991 4005 1116 4078 Graeca,
1134 4005 1221 4066 Lati·

267 4128 325 4171 nus
343 4107 486 4193 Vposuit
503 4121 744 4171 consonantem:
768 4128 868 4191 quum
883 4103 1045 4168 AEolicnnr
1061 4102 1222 4185 digamma

265 4206 305 4269 ad
321 4207 402 4271 hanc
417 4220 640 4270 consonantem
653 4205 771 4270 multas
783 4205 896 4268 lrabeat
913 4202 1089 4267 affinitates.
1129 4197 1220 4262 Sicut

265 4322 372 4373 autern
389 4323 426 4374 ut
444 4309 490 4372 vis
505 4308 659 4372 sentiendi
676 4320 799 4371 motum
819 4328 912 4369 suum
929 4311 1070 4368 exerceat
1088 4295 1221 4376 utiliter,

266 4430 389 4476 necesse
403 4423 451 4475 est
467 4408 598 4493 aliquod
620 4432 697 4491 esse,
712 4408 765 4472 cui
790 4405 947 4472 stabiliter
971 4398 1143 4465 innitatur:
1176 4396 1222 4462 sic
