2992 5592
265 775 329 832 346
521 781 951 827 Jonumssanasnamansrr

266 936 346 1000 tiurn
362 930 474 997 indicit
492 931 600 1005 abbae,
616 930 763 993 modesta
783 929 941 994 snciomm
957 929 1113 1016 increpat
1129 929 1234 994 multi·

266 1035 358 1110 tudo;
387 1044 420 1097 et
443 1033 469 1095 is
490 1054 530 1096 eo
555 1029 720 1095 ardentius
742 1051 833 1094 more
857 1031 1032 1095 stultorum
1057 1031 1118 1118 qui
1141 1031 1233 1095 verba

264 1133 429 1220 sapientiae
451 1154 515 1196 non
539 1131 726 1207 admittunt,
743 1143 889 1195 sanctum
914 1132 980 1196 Dei
1004 1133 1152 1197 lacerare
1172 1154 1230 1195 non

265 1247 375 1299 cessat.
423 1234 461 1297 In
488 1233 536 1297 his
559 1232 664 1296 verbis
690 1245 794 1318 coepto
816 1232 923 1297 itineri
947 1247 1166 1319 properanter
1187 1233 1232 1296 in·

265 1338 393 1416 sistens,
415 1335 449 1398 in
471 1335 653 1398 frondosam
677 1355 830 1420 quercum
854 1333 944 1398 silvae
966 1357 1029 1420 per
1049 1358 1152 1422 quarn
1175 1335 1231 1398 iter

267 1450 337 1503 erat
361 1437 570 1501 vehementer
591 1435 741 1511 offendit3
768 1446 801 1500 et
830 1458 869 1499 ex
892 1458 977 1522 equo
1005 1437 1229 1522 procumbens,

269 1561 333 1603 uno
348 1538 502 1603 stasilium
518 1536 633 1622 pedem
650 1536 767 1622 equitis
788 1536 911 1600 firmius
928 1536 1114 1615 retinente;
1137 1559 1230 1624 equo·

268 1661 332 1727 que
355 1638 476 1712 territo,
499 1636 623 1700 tamdiu
644 1636 708 1699 huc
729 1646 764 1700 et
784 1635 861 1699 illuc
884 1648 1006 1701 tractus
1030 1651 1081 1702 est
1103 1651 1138 1702 et
1159 1660 1229 1702 con·

270 1762 391 1820 caesus,
405 1751 442 1803 ut
463 1738 529 1801 iere
545 1737 707 1800 videretur
727 1736 933 1801 novissimum
956 1737 1110 1822 spiritum
1134 1739 1228 1802 exha-

270 1840 363 1905 lasse.
408 1839 558 1904 Tandem
582 1861 657 1902 vero
679 1837 771 1902 sociis
795 1837 929 1901 Beatam
946 1837 1122 1923 Virginem
1145 1840 1229 1903 invo-

270 1942 427 2021 cantibus,
449 1940 696 2027 comprehensus
718 1953 766 2003 eet
789 1962 906 2025 equue;
945 1951 979 2003 et
1001 1941 1055 2004 vix
1075 1941 1229 2026 inspirans

271 2042 370 2107 miser
384 2043 516 2107 edoctus
537 2053 587 2106 est
607 2064 737 2127 parcere
760 2041 869 2106 amicis
891 2041 968 2118 Dei,
983 2065 1090 2128 quum
1106 2065 1228 2127 magnae

273 2144 463 2209 temeritatis
477 2144 517 2208 sit
532 2144 629 2208 etiam
645 2144 686 2207 de
701 2166 791 2207 seruo
805 2143 910 2208 alieno
925 2144 1009 2207 ferre
1026 2144 1227 2208 sententiam.

273 2487 354 2572 Cap.
376 2495 426 2552 14.
451 2490 619 2552 Hearicue
634 2511 690 2552 rec
706 2491 838 2572 Anplice
853 2492 1072 2557 amicabiliter
1087 2497 1227 2558 eieitacit

316 2590 499 2655 Ancalmnm
537 2593 810 2673 archiepiscopum
838 2596 874 2654 r'n
904 2594 956 2656 dic
987 2596 1229 2677 Aaeunrptionia

317 2694 434 2756 Beatae
442 2693 670 2773 Mariaeapud
679 2693 816 2755 Beoaum
832 2696 1016 2757 coenobium.
1046 2697 1229 2776 Decleriao,

317 2797 514 2856 alienatione
543 2796 660 2856 mentia
686 2812 768 2857 cuce.
819 2795 872 2857 De
901 2796 983 2857 bello
1011 2799 1100 2859 inter
1129 2820 1230 2880 regem

316 2895 500 2957 Henn‘aum
530 2895 661 2973 Anylioe
689 2901 721 2956 et
747 2898 892 2978 fratrem
929 2917 1026 2958 caum
1058 2899 1229 2962 Robertam

316 2999 458 3058 comitem
474 2996 704 3058 Narmanniae.
751 2998 925 3059 Ancetmua
939 3001 1073 3079 ecripait
1088 3001 1229 3063 libellam

317 3099 355 3158 in
386 3098 505 3176 Analia
535 3097 574 3158 de
602 3097 771 3159 concordia
805 3101 1032 3178 prescientia,
1060 3103 1231 3180 pradesti-

318 3199 472 3274 nationia,
488 3204 520 3259 et
537 3200 655 3279 pratia
680 3197 754 3272 Dei,
770 3218 841 3260 cnm
865 3200 961 3262 libero
985 3201 1131 3266 arbitria.
1181 3202 1231 3265 Dr

321 3299 445 3360 Thema
462 3298 658 3361 Eboracenei
673 3298 778 3361 electa.

317 3449 443 3512 Rannr
466 3466 522 3509 rex
546 3445 707 3509 Henricua
729 3444 763 3508 in
788 3444 1039 3524 Narmanniam;
1071 3459 1105 3511 et
1126 3446 1160 3513 in
1183 3470 1232 3514 ar·

273 3545 455 3628 sumptione
487 3545 599 3610 Beatoe
631 3545 773 3630 Virginis
809 3544 925 3610 Mariae
955 3546 1231 3633 archiepiscopum

275 3642 373 3705 Becci
410 3644 623 3710 amicabiliter
651 3645 799 3711 visitarit.
860 3644 921 3710 Illo
950 3644 1052 3711 ferme
1086 3659 1231 3734 tempore

274 3739 430 3827 capellam
446 3744 544 3807 curiae
559 3766 655 3830 prece
675 3745 800 3811 abbatia
820 3746 1114 3833 archiepiscopique
1133 3749 1232 3814 Rotn-

273 3842 432 3928 magensia
464 3842 571 3908 favore
608 3845 770 3912 dedicavit
801 3847 993 3925 Anselmus3
1030 3863 1064 3912 et
1093 3850 1125 3913 iu
1164 3849 1232 3936 ipsa

274 3943 474 4010 dedicatione
497 3944 649 4010 clericum
672 3945 867 4014 alienatione
890 3950 1008 4013 mentis
1029 3948 1231 4017 laborantem

274 4047 499 4112 benedictione
513 4046 580 4113 sala
594 4047 736 4133 pristinae
753 4050 892 4115 restituit
907 4050 1044 4118 sanitati.
1092 4051 1159 4126 Qui
1174 4074 1232 4137 pro

277 4148 350 4213 Deo
364 4148 438 4212 exul
453 4162 487 4214 et
501 4149 703 4215 contumeliis
717 4150 850 4216 affectus
871 4150 992 4217 diutius
1012 4152 1104 4218 aedes
1120 4152 1234 4218 circuit

275 4250 405 4324 alienae,
433 4251 560 4333 exinde,
584 4263 619 4316 ut
643 4253 768 4337 justum
795 4265 854 4331 est,
879 4253 951 4316 Deo
980 4254 1022 4318 de
1046 4254 1232 4323 hominibus

275 4349 504 4433 triumphante,
521 4355 562 4418 ad
576 4375 665 4418 auam
681 4373 755 4418 cum
775 4352 895 4420 honore
910 4363 944 4417 et
953 4353 1055 4438 gloria
1069 4355 1232 4421 remearit.
