2992 5592
410 787 452 844 tt
667 801 805 844 :oensis
821 799 1098 845 sannsnnnmnsrs
1194 842 1207 854 ,
1239 784 1322 863 [tin.
1335 802 1357 847 1.

409 951 481 1030 ista,
496 950 626 1036 originis
641 972 708 1015 suae
723 952 841 1015 sociata
856 951 1066 1028 sermonibus,
1082 973 1176 1014 suum
1192 952 1357 1017 commode

408 1053 548 1116 excitant
558 1051 770 1117 intellectum:
790 1054 935 1117 aliovero
945 1054 1104 1128 traducta,
1118 1052 1207 1117 velut
1219 1055 1357 1119 naturali

408 1155 517 1238 vigore
529 1154 694 1230 destituta,
707 1166 910 1234 evanescunt,
922 1153 972 1217 vel
983 1154 1100 1217 absona
1112 1168 1200 1219 sunt.
1232 1155 1265 1219 Si
1275 1155 1356 1218 enim

408 1253 1357 1348 dicaturequuepatronymicus,illicogrammaticusauditor

408 1355 457 1419 vel
473 1356 590 1422 dicenti
610 1358 849 1434 convitiabitur,
867 1372 902 1422 ut
918 1358 1006 1422 verbi
1025 1359 1139 1422 vitium
1156 1372 1286 1444 purget,
1301 1372 1354 1423 aut

407 1470 445 1522 ut
459 1463 596 1523 multum
613 1459 755 1544 loquenti
777 1460 912 1536 deferat,
928 1462 1010 1523 servi
1032 1460 1143 1525 comici
1160 1474 1272 1525 utetur
1286 1483 1356 1545 pro-

406 1560 527 1638 verbio,
545 1564 639 1627 Bona
655 1563 747 1626 rerba
763 1583 881 1645 quaeaa
928 1565 1009 1626 Haec
1025 1561 1135 1648 itaque
1151 1562 1354 1649 supplicatio,

405 1684 509 1725 norme
525 1662 594 1727 vitii
614 1662 762 1748 quaedam
787 1663 993 1748 exprobratio
1007 1667 1080 1727 est?
1111 1664 1175 1740 Qui
1198 1663 1283 1726 enim
1299 1685 1355 1749 pro

405 1764 474 1829 istis
495 1766 578 1829 bona
603 1769 733 1852 quaerit,
756 1764 824 1828 ltaec
851 1765 933 1828 bona
960 1766 1026 1828 esse
1052 1758 1267 1850 proculdubio
1294 1785 1353 1828 non

404 1869 572 1931 consentit.
606 1865 764 1951 Alioquin
779 1865 957 1950 elegantius
971 1866 1101 1943 diceret,
1115 1869 1246 1931 meliora
1260 1868 1354 1931 uerba

405 1990 523 2050 quaeao.
564 1969 712 2032 Profecto
728 1969 755 2030 si
770 1968 913 2043 modum,
928 1982 985 2032 aut
1000 1982 1128 2055 tempus
1142 1969 1215 2054 quis
1231 1979 1354 2054 quaerat

403 2070 436 2132 iu
459 2068 595 2147 nomine,
616 2091 735 2144 casum,
757 2081 787 2132 et
811 2070 1077 2154 comparationem
1100 2071 1132 2132 in
1156 2070 1265 2145 verbo,
1280 2091 1352 2133 eum

405 2169 497 2254 quasi
524 2192 678 2256 nugacem
703 2170 930 2254 grammaticus
959 2171 1146 2256 castigabit:
1179 2170 1266 2234 uude
1291 2191 1353 2234 non

402 2274 516 2357 opinor
530 2272 617 2357 quod
633 2271 818 2357 patientiam
830 2272 1046 2338 accommodet
1057 2272 1226 2358 discipulo,
1238 2293 1353 2355 equum

399 2379 654 2457 patronymicum
674 2373 858 2460 appellanti.
904 2374 998 2437 Adeo
1017 2388 1123 2438 autem
1140 2388 1265 2438 naturae
1285 2396 1350 2438 suae

402 2474 558 2540 limitibus
570 2477 717 2541 secundae
726 2477 937 2562 impositionis
946 2477 1102 2563 adjectiva
1112 2490 1256 2541 coartata
1265 2490 1350 2552 sunt,

403 2590 517 2641 utnon
534 2578 628 2641 modo
644 2601 705 2641 non
726 2590 846 2663 queant
861 2577 902 2640 ad
918 2598 1024 2640 rerum
1046 2577 1201 2641 vocabula
1215 2576 1351 2662 evagari,

402 2679 457 2743 sed
480 2703 537 2743 uec
562 2680 722 2765 aquibus
745 2679 850 2743 indita
872 2692 958 2757 sunt,
980 2678 1073 2762 longe
1099 2679 1256 2744 recedere.
1301 2679 1349 2742 Si·

400 2780 530 2868 quidem
555 2782 730 2867 propositio
752 2794 837 2844 recte
862 2779 982 2844 dicitur
1003 2783 1213 2862 hypothetica,
1236 2805 1348 2847 nomen

397 2887 663 2966 patronymicum.
710 2884 742 2946 Si
765 2883 902 2947 vicissim
924 2895 1040 2959 vertas,
1056 2894 1092 2946 ut
1112 2883 1239 2949 dicatur
1256 2889 1350 2970 trypo-

399 2988 549 3051 tlteticum
576 3005 702 3059 nomen,
725 2987 899 3066 propositio
922 2988 1155 3067 patronymica,
1186 3000 1243 3051 aut
1269 2988 1347 3052 nibil

398 3089 511 3175 utique
526 3088 622 3166 dices,
638 3085 855 3149 Grammatico
865 3084 986 3172 judice,
1002 3098 1059 3149 aut
1074 3085 1182 3171 inepte
1197 3087 1345 3176 loqueris.

395 3195 556 3257 Praeterea
565 3212 667 3274 penca
682 3212 778 3253 uuum
792 3200 837 3251 eat
848 3210 972 3252 summa
983 3188 1182 3253 examinandi
1198 3195 1347 3258 sermonis

397 3295 581 3367 auctoritas,
592 3312 695 3375 neque
710 3313 747 3353 co
759 3311 821 3352 non
838 3288 1024 3354 restituente
1038 3289 1247 3372 convalescet,
1260 3295 1346 3381 quod

395 3388 464 3476 ipse
479 3391 687 3455 condemnat:
710 3390 785 3453 binc
801 3406 850 3454 est
864 3388 956 3470 illud,

501 3526 590 3580 Multa
599 3532 774 3589 renascentur,
786 3544 843 3593 quae
852 3527 907 3596 jam
918 3529 1044 3593 cecidere,
1056 3529 1209 3599 cadentque,

499 3616 567 3677 Quae
578 3629 644 3663 nunc
656 3617 716 3664 sunt
727 3613 754 3662 in
766 3611 862 3665 bonore
873 3614 1005 3679 vocabula,
1018 3617 1040 3666 si
1052 3615 1121 3668 volet
1132 3634 1208 3670 naus:

500 3700 586 3761 Quem
597 3713 676 3768 penes
687 3696 822 3749 arbitrium
834 3705 875 3750 est
886 3705 913 3751 et
920 3701 975 3771 jus,
988 3707 1014 3752 et
1026 3719 1115 3753 norma
1125 3702 1258 3771 loquendi.

393 3815 483 3882 Sicut
507 3812 648 3875 enimin
660 3812 740 3891 jure
759 3809 889 3890 dicitur,
902 3813 990 3894 quod
1007 3817 1204 3880 consuetudo
1224 3823 1343 3902 optima

391 3922 496 4002 legum
511 3919 669 3996 interpret
682 3921 746 3976 est:
770 3911 814 3975 sic
829 3930 860 3976 et
877 3936 953 3976 usus
968 3924 1051 3977 recte
1066 3914 1280 4001 loquentium,
1296 3933 1342 3985 est

389 4015 628 4107 potentissimus
642 4014 799 4099 interpres
814 4012 1008 4098 regularum.
1039 4016 1136 4080 Unde
1146 4042 1341 4108 consequens

390 4122 545 4186 arbitror:
574 4115 652 4202 quia
673 4113 706 4178 id
732 4113 820 4198 quod
844 4137 1001 4201 nusquam
1029 4117 1182 4204 scriptum
1210 4121 1340 4208 legitur,

389 4247 449 4290 nec
479 4220 598 4285 alicubi
621 4241 640 4281 a
664 4231 748 4280 recte
779 4215 986 4301 loquentibus
1015 4220 1165 4298 auditur;
1199 4224 1255 4288 sed
1285 4247 1341 4289 nec

388 4323 510 4412 aliquid
527 4320 651 4408 generis
665 4317 745 4401 ejus,
757 4318 880 4405 pridem
896 4321 1082 4387 damnatum
1095 4347 1172 4400 esse,
1185 4342 1242 4391 aut
1258 4341 1342 4392 certe

390 4428 533 4492 nondum
548 4448 567 4487 a
581 4419 798 4507 grammaticis
812 4423 1037 4508 approbatum.
1079 4426 1141 4490 Sed
1158 4450 1216 4491 nec
1231 4430 1341 4514 primae
