2992 5592
275 799 340 859 981
532 812 668 858 scurrus
684 809 970 856 armanalanam

365 969 491 1032 Crimen
508 964 656 1029 adulterii
672 964 718 1025 nil
733 964 797 1025 nisi
812 961 909 1026 ludus
925 976 1007 1028 erat.

275 1069 375 1131 Silvia
390 1068 555 1139 Quartillae
570 1066 678 1142 cessit,
694 1065 856 1127 Lauronia
870 1063 992 1143 Floras,

360 1169 512 1252 Syllaque
529 1167 605 1230 dum
621 1165 732 1248 viguit,
747 1162 838 1228 nulla
853 1165 978 1230 Sabim
992 1168 1067 1230 t'uit.

273 1271 340 1334 Hic
356 1271 454 1334 metui
471 1270 624 1351 gaudens,
639 1267 875 1349 dedignabatur
890 1270 1005 1346 amari,

357 1371 492 1436 Vicinos
508 1368 659 1453 subigens
675 1389 816 1447 munere,
831 1370 955 1448 fraude,
970 1371 1070 1435 dolis.
1156 1378 1241 1438 1340

551 1475 604 1535 De
615 1490 698 1554 poce
710 1478 939 1553 tyrannorum.

273 1574 336 1637 Illa
350 1585 555 1656 tyrannorum
571 1592 637 1656 pax
652 1582 711 1648 est,
726 1582 762 1634 ut
775 1591 872 1633 nemo
887 1573 1057 1650 reclamet,
1138 1573 1143 1580 '

259 1687 261 1690 ⁴
360 1675 525 1759 Quidquid
540 1682 648 1755 agant,
663 1673 789 1756 possint
803 1671 923 1751 omnia,
931 1675 1010 1759 jura
1025 1676 1126 1739 nihil.

272 1777 352 1841 Jura
367 1787 492 1851 vacant,
508 1797 614 1839 sacras
628 1777 717 1856 leges
732 1774 844 1838 evertit
857 1776 990 1853 abusus,

361 1878 452 1939 Velle
468 1896 561 1939 suum
576 1884 720 1938 statuunt
728 1873 814 1957 juris
828 1873 948 1937 habere
962 1876 1088 1940 locum.

273 1979 346 2042 Tali
355 1979 483 2062 justitia
496 1977 667 2062 perhibent
681 1977 820 2059 viguisse
835 1978 974 2054 leonem,
1153 1987 1240 2045 lete

362 2079 571 2162 Praepositum
586 2078 716 2160 reliquis
731 2077 836 2139 dicere
846 2077 924 2160 jura
936 2077 1022 2141 feris.

271 2181 418 2243 Libertas
433 2181 503 2244 haec
521 2192 570 2243 est
585 2179 697 2262 populi
713 2178 899 2241 dominante
914 2189 1065 2260 tyranno,

358 2282 415 2357 Ut,
431 2280 519 2364 quod
535 2280 730 2362 praecipitur,
747 2279 884 2363 quilibet
897 2291 990 2363 optet
1004 2281 1106 2346 idem.

271 2382 335 2454 Qui
350 2381 446 2444 nimis
462 2392 553 2462 optat
568 2401 647 2463 opes
663 2393 719 2445 aut
734 2379 854 2445 cultum
869 2382 954 2464 regis
969 2383 1088 2468 iniqui,

357 2484 395 2545 Iu
411 2484 517 2545 scelus
528 2502 622 2544 omne
633 2483 706 2559 mit,
718 2504 837 2566 pronus
852 2479 894 2547 ad
905 2505 1001 2546 omne
1013 2487 1127 2566 nefas;
1148 2497 1236 2555 13⁶0

274 2582 387 2650 Hostis
402 2596 560 2664 censetur,
577 2587 723 2670 quisquis
739 2607 829 2649 sacra
837 2586 914 2670 jura
930 2598 1048 2666 tuetur,

359 2688 518 2751 Praevenit
532 2689 645 2751 officiis
655 2688 748 2773 jussa
764 2688 869 2752 fidelis
887 2709 984 2752 amor.

272 2791 418 2855 Perfidiae
435 2811 536 2871 genus
550 2800 599 2853 est
614 2789 735 2874 aliquid
751 2790 932 2854 discernere
940 2790 1082 2875 jussum,

355 2893 401 2954 Et
416 2892 523 2955 scelus
537 2901 588 2954 est
601 2890 731 2973 aliquod
746 2891 950 2973 pertimuisse
965 2894 1084 2958 scelus.

410 2994 485 3067 Qua
499 2993 624 3054 ratione
638 2994 712 3072 quis
728 2991 932 3054 canoettario
942 2991 1085 3072 plumas.

272 3096 307 3159 Si
323 3095 421 3157 virtus
435 3095 577 3157 animum
592 3093 767 3176 componit,
781 3093 947 3177 formaque
964 3096 1032 3157 veri
1146 3105 1233 3168 1855

357 3197 530 3279 Linguam,
544 3196 572 3259 si
588 3196 691 3259 foveat
706 3195 806 3277 gratia
820 3206 923 3258 mater
937 3216 1033 3278 opus,

272 3299 366 3361 Tunc
382 3298 503 3360 vindex
518 3316 602 3360 rerae
617 3307 648 3359 te
663 3296 817 3359 libertatis
832 3297 955 3360 amabit

355 3400 401 3461 Et
415 3399 513 3462 faciet
527 3409 631 3461 tutum
647 3398 793 3481 qualibet
806 3399 852 3462 ire
868 3399 930 3462 via.

269 3502 345 3563 Hoc
360 3497 443 3572 duce
459 3511 547 3562 tutus
562 3499 673 3562 crisin
689 3501 838 3576 claustro,
853 3512 940 3564 tutus
955 3503 989 3563 in
1005 3505 1090 3582 aula,

354 3601 457 3663 Tutus
472 3600 504 3661 in
521 3599 657 3672 insidiis,
674 3600 818 3684 undique
833 3613 922 3665 tutus
938 3604 1011 3666 eris.
1139 3613 1227 3674 1360

268 3700 334 3764 Hic
350 3712 408 3775 est,
424 3701 478 3782 qui
495 3703 573 3764 cleri
589 3722 647 3784 pro
663 3703 811 3765 libertate
826 3703 949 3766 tuenda

353 3800 580 3882 Mandrogero,
595 3803 700 3883 gravis
716 3815 766 3867 est
780 3804 1062 3889 complicibusque
1076 3811 1160 3889 suis,

593 3903 646 3966 De
660 3904 884 3986 Mandrogero.

267 4008 495 4089 Mandrogero,
511 4006 569 4088 qui
584 4026 617 4069 se
631 4009 735 4070 solum
753 4029 877 4071 servare
893 4029 1045 4073 coronam

352 4112 396 4172 Et
408 4111 517 4191 legum
534 4110 621 4192 regni
630 4108 761 4192 jactitat
776 4130 847 4173 esse
863 4122 996 4193 patrem,

264 4213 329 4287 Qui
346 4214 383 4288 (si
400 4211 556 4277 falsidicis
571 4210 778 4293 credendum)
789 4211 863 4296 jura
878 4224 984 4278 tuetur
1132 4220 1219 4279 1366

351 4315 488 4396 Integra,
503 4334 569 4397 quo
584 4333 642 4396 per
657 4335 728 4375 eum
745 4314 852 4395 regius
866 4326 974 4379 exstet
990 4315 1103 4389 honor,

262 4414 489 4495 Mandrogero,
504 4435 621 4478 nomen
637 4436 730 4498 quem
746 4416 903 4479 libertatis
917 4415 1032 4493 adurit,
