2992 5592
569 801 645 845 vrrs
660 800 777 846 saucrr
793 801 950 846 assatur.
1168 786 1230 845 327

280 952 375 1015 modo
405 953 505 1016 voluit
538 954 756 1038 adquiescere,
793 966 828 1018 ut
865 952 988 1038 aliquid
1018 960 1228 1035 asportarent.

277 1054 362 1116 Moti
388 1054 484 1136 igitur
510 1057 707 1120 venerabiies
733 1057 792 1120 riri
817 1054 1038 1138 Gundulphus
1064 1053 1230 1116 Roffensis

275 1156 487 1238 episcopuset
496 1155 684 1220 Baldwinus
698 1157 876 1219 monachus
888 1153 1031 1217 Auselnri
1044 1165 1230 1235 procurator

273 1255 436 1319 hominem
454 1256 705 1334 adstrinxerunt,
719 1258 834 1319 saltem
850 1266 885 1318 ut
901 1255 1022 1318 videret
1042 1255 1228 1319 incendium

274 1366 307 1418 et
322 1358 492 1420 salutifera>
508 1358 612 1420 crucis
627 1358 753 1438 signum
770 1368 954 1441 opponeret.
1001 1356 1087 1418 Mira
1100 1377 1161 1433 res,
1176 1357 1229 1419 ille

274 1479 403 1520 manum
426 1458 583 1535 extendit,
601 1470 634 1520 et
656 1459 785 1522 flamma
807 1457 967 1541 dejicitur,
982 1468 1014 1520 et
1033 1457 1116 1539 ignis
1131 1478 1227 1539 quam

274 1558 434 1622 invaserat
449 1560 578 1622 domum
594 1562 777 1624 semiustam
794 1560 945 1644 reliquit3
967 1580 1005 1622 ac
1028 1559 1055 1621 si
1074 1560 1228 1623 Anseimo

274 1661 458 1743 prohibenti
483 1661 630 1745 progredi
659 1685 723 1724 nou
747 1663 886 1725 auderet.
932 1662 991 1724 Ille
1022 1658 1151 1744 quidem
1172 1658 1229 1723 diu

272 1783 455 1843 repugnans
478 1764 639 1837 electioni,
656 1764 785 1828 tandem
810 1776 942 1827 coactus
965 1773 1012 1825 est
1027 1762 1227 1836 consentire3

271 1874 304 1924 ct
334 1861 437 1945 pridie
462 1864 574 1927 Nonas
606 1865 796 1929 Decembris
818 1867 859 1929 ab
891 1864 1041 1928 omnibus
1064 1864 1226 1947 episcopis

272 1965 450 2043 Auglorum
468 1965 650 2028 Cautuariae
668 1980 880 2030 consecratur.
905 1968 1041 2030 Inventa
1056 1974 1104 2026 est
1120 1976 1226 2027 autem

271 2085 461 2147 supereum
489 2068 544 2129 illa
570 2069 728 2148 evangelii
747 2069 923 2131 sententia:
953 2065 1079 2128 Voeooit
1101 2067 1225 2141 multos,

271 2174 301 2227 et
318 2168 403 2227 misit
418 2184 546 2228 servum
563 2170 754 2256 conradere
770 2187 871 2230 eoeuae
885 2168 988 2230 dicere
1009 2170 1167 2242 inuitatis,
1189 2174 1227 2230 ut

269 2269 417 2330 uenirent
438 2272 517 2349 prtia
533 2270 605 2347 jem
625 2277 746 2350 parato
761 2277 840 2332 sunt
862 2272 967 2332 omnio
981 2296 993 2332 .·
1014 2277 1045 2333 et
1060 2276 1228 2353 ceperunt

271 2390 379 2432 omnes
393 2372 489 2433 simul
503 2392 667 2434 accusare.
715 2373 810 2453 [Luc.
826 2373 892 2434 xiv.
912 2372 978 2452 lu]

314 2472 393 2536 Inde
423 2475 583 2557 profectus
612 2474 653 2538 ad
684 2477 817 2552 curiam,
850 2489 913 2538 tres
944 2476 1013 2539 dies
1043 2476 1224 2539 Domiuieae

268 2574 440 2638 nativitatis
471 2578 504 2640 in
534 2579 645 2641 laetitia
682 2579 856 2658 transegit:
894 2599 966 2658 rege
1005 2579 1224 2657 gravissimam

269 2675 520 2758 indignationem
538 2676 689 2739 adversus
712 2699 785 2739 eum
800 2676 1004 2756 concipiente
1021 2686 1167 2748 extunc,
1184 2696 1223 2738 eo

268 2777 356 2860 quod
383 2779 468 2840 inille
491 2778 589 2840 libras
611 2788 834 2857 argenteorum
858 2774 1032 2857 rependere
1054 2777 1160 2838 noluit
1181 2776 1224 2852 ei,

269 2878 344 2960 quia
359 2878 428 2939 sine
451 2878 559 2959 precio
576 2888 608 2938 et
624 2877 780 2960 obsequio
796 2887 827 2938 et
843 2876 1117 2938 omniinterrentu
1133 2878 1223 2938 volu·

267 2988 334 3040 erat
351 2979 384 3038 iu
402 2977 714 3058 archiepiscopatum
730 2977 918 3060 promoveri.
950 2976 1131 3039 Discedens
1147 2977 1223 3039 inde

267 3079 355 3140 venit
376 3077 418 3140 ad
448 3078 556 3139 villam
578 3099 679 3154 suam,
702 3100 775 3161 quae
800 3080 911 3159 Herga
934 3090 1085 3154 vocatur3
1112 3078 1222 3160 ibique

266 3178 482 3261 parochialem
495 3179 663 3241 ecclesiam
675 3179 846 3242 dedicavit.
891 3179 990 3241 Porro
1003 3180 1137 3242 clericus
1150 3180 1221 3261 qui·

268 3279 377 3342 dama
397 3277 565 3341 Lundonia
586 3279 741 3342 ministris
764 3281 910 3364 episcopi
933 3281 1119 3355 associatus,
1139 3282 1221 3344 iuter

266 3378 426 3460 agendum
437 3381 658 3443 chrismatorio
666 3382 747 3443 clam
761 3393 905 3465 surrepto
916 3383 948 3443 in
962 3381 1069 3461 fugam
1076 3381 1220 3465 dilapsus

267 3492 324 3544 est.
370 3481 446 3560 Sed,
470 3483 541 3543 Deo
565 3482 784 3564 dispensante,
799 3483 845 3545 sie
869 3502 1019 3546 erroneus
1041 3483 1221 3566 frequenter

264 3580 334 3642 ibat
362 3592 394 3644 et
423 3583 649 3655 revertebatur,
680 3582 738 3643 riae
770 3595 863 3645 antea
892 3582 1067 3644 notissimae
1090 3583 1221 3645 omnino

267 3681 416 3762 ignarus3
433 3695 467 3744 ut
484 3683 651 3744 manifesto
660 3683 773 3745 erroris
784 3682 903 3745 iudicio
914 3683 1081 3747 convictus
1092 3685 1220 3766 culpam

265 3784 423 3861 fateretur,
439 3796 471 3847 ct
492 3806 547 3846 ras
563 3785 750 3857 restitueret,
767 3800 799 3846 et
819 3797 930 3867 postea
946 3786 1029 3848 riam
1045 3807 1116 3869 quae
1132 3787 1220 3848 Lun-

265 3882 393 3947 doniam
410 3887 501 3950 ducit
517 3888 584 3948 siue
601 3887 686 3947 omni
704 3907 809 3948 errore
826 3899 956 3949 teneret.

309 3986 408 4050 Redit
417 3999 490 4071 post
499 4009 620 4071 paucos
630 3986 698 4050 dies
708 3999 840 4050 vocatus
854 3989 1022 4050 Auscimtrs
1034 3986 1219 4051 adeluiam:

265 4098 299 4147 ut
322 4089 594 4150 transfretaturum
619 4109 724 4169 regem
750 4109 807 4150 sua
822 4086 1049 4149 bencdictione
1073 4089 1220 4153 muniret.

224 4192 228 4200 '
267 4186 398 4248 Interim
422 4188 497 4250 duur
522 4199 635 4251 ventus
665 4187 781 4262 differt,
804 4209 909 4268 regern
933 4207 990 4269 pro
1013 4189 1221 4251 eeclesiarum

267 4308 347 4368 pace
363 4290 525 4365 sollicitat,
542 4292 700 4373 benignus
715 4291 893 4354 admonens
907 4300 942 4351 ut
954 4289 1058 4370 legem
1074 4290 1136 4352 Dei
1146 4311 1223 4355 auc-

267 4388 392 4452 toritate
415 4394 500 4473 regia
523 4413 586 4454 non
609 4394 694 4455 sinat
716 4391 910 4455 conculcari.
958 4390 1054 4455 Unde
1077 4412 1133 4455 rex
1164 4416 1222 4458 ex·

267 4492 434 4554 acerbatus
448 4494 552 4576 ipsum
569 4495 722 4578 praecepit
745 4493 932 4570 discedere3
954 4505 987 4557 et
1001 4514 1041 4557 ne
1057 4495 1221 4560 transitum
