2992 5592
266 816 330 861 aar.
345 797 423 877 xm]
616 812 855 857 neranourcus.
1173 801 1213 858 95

266 966 392 1052 cuique,
409 962 490 1028 nihil
504 966 532 1027 ei
549 961 740 1047 relinquitur
755 962 898 1026 aliorum.
944 965 1033 1049 Ergo
1049 964 1073 1027 si
1090 963 1215 1029 Aristo·
1261 1026 1264 1032 .

267 1068 340 1133 teles
357 1089 455 1131 verus
478 1077 539 1141 est,
560 1067 617 1150 qui
640 1066 685 1129 eis
708 1089 775 1128 esse
797 1065 895 1130 tollit:
920 1067 1023 1129 inanis
1044 1080 1092 1131 est
1119 1088 1216 1152 opera

265 1169 474 1257 praecedentis
489 1166 750 1249 investigationis,
762 1167 793 1231 in
806 1167 1008 1252 inquisitione
1020 1170 1218 1250 substantia,

266 1269 470 1355 quantitatis,
495 1279 552 1331 aut
575 1265 750 1351 qualitatis,
772 1280 829 1332 aut
855 1291 975 1371 caqsoe3
1007 1292 1109 1354 quum
1131 1269 1217 1334 illius

268 1371 353 1456 quod
370 1391 434 1431 non
457 1382 505 1431 est
528 1366 717 1442 substantia,
734 1380 788 1430 aut
811 1370 985 1452 quantitas,
1001 1385 1057 1433 aut
1079 1370 1217 1454 qualitas

267 1486 404 1557 nequeat
431 1468 598 1552 assignari:
630 1480 687 1531 aut
716 1491 812 1531 causa
840 1483 1104 1555 propterquam,
1130 1469 1218 1554 quod

268 1596 327 1637 non
359 1585 419 1647 est,
447 1570 507 1633 hoc
536 1582 593 1633 aut
622 1567 701 1632 illud
733 1570 784 1644 sit,
812 1584 868 1634 aut
898 1584 1035 1648 tanturn,
1060 1586 1115 1634 aut
1147 1571 1220 1634 tale.

268 1675 372 1751 Quare
395 1673 437 1737 ab
454 1669 624 1736 Aristotele
647 1671 858 1734 recedendum
883 1686 943 1744 est,
960 1671 1161 1736 concedendo
1184 1687 1219 1737 ut

269 1773 462 1839 universalia
483 1774 559 1846 sint,
582 1786 639 1837 aut
662 1773 889 1857 refragandum
911 1773 1124 1859 opinionibus,
1147 1797 1221 1859 quae

268 1875 375 1940 eadem
397 1876 535 1950 uomitu,
555 1875 761 1951 sermonibus,
783 1875 984 1936 sensibilibus
1006 1875 1109 1949 rebus,
1130 1876 1222 1952 ideis,

261 1981 389 2062 firmia
403 1980 545 2055 nutritis,
564 1975 805 2039 collectionibus
819 1990 1015 2060 aggregant;
1039 1998 1140 2061 quum
1158 1976 1222 2041 sin-

269 2078 344 2164 gula
359 2079 477 2142 horum
494 2100 560 2140 esse
576 2098 637 2140 non
653 2076 854 2140 dubitentur.
901 2077 965 2151 Qui
980 2091 1086 2142 autem
1104 2102 1142 2142 ea
1155 2101 1222 2142 esse

270 2181 395 2254 statuit,
409 2178 570 2244 Aristoteli
586 2178 783 2242 adversatur.
830 2183 898 2243 Nec
913 2180 1088 2244 verendum
1104 2193 1141 2244 ut
1156 2203 1222 2244 cas·

271 2305 324 2347 sus
339 2282 383 2345 sit
397 2280 587 2356 intellectus,
604 2283 662 2365 qui
677 2303 714 2343 ea
733 2282 910 2365 perceperit
924 2304 1063 2345 seorsum
1080 2282 1223 2366 asingu·

270 2383 402 2459 laribus,
414 2405 515 2468 quum
533 2394 639 2445 tamen
655 2403 674 2444 a
688 2381 904 2465 singularibus
920 2406 1059 2446 seorsum
1075 2406 1144 2448 esse
1160 2406 1223 2447 non

271 2484 403 2572 possint.
444 2483 632 2549 Intellectus
647 2483 728 2546 enim
749 2484 942 2569 quandoque
959 2508 1022 2549 rem
1039 2485 1224 2573 simpliciter

272 2587 436 2651 intuetur:
472 2583 560 2647 velut
587 2582 611 2646 si
639 2582 796 2647 bominem
824 2608 882 2671 per
908 2609 940 2649 se
965 2587 1141 2662 intueatur,
1168 2603 1224 2650 aut

275 2687 428 2775 lapidem,
443 2698 476 2750 et
491 2684 533 2749 ob
549 2685 609 2750 hoc
625 2685 758 2771 simplex
775 2705 837 2753 est:
858 2689 1053 2774 quandoque
1067 2687 1224 2772 gradatim

274 2790 338 2854 suis
368 2787 489 2852 incedit
520 2788 677 2872 passibus,
707 2804 743 2852 ut
775 2789 800 2852 si
838 2790 995 2853 hominem
1026 2789 1144 2865 albere,
1174 2787 1225 2851 vel

274 2912 392 2977 equum
410 2910 537 2952 currere
552 2888 795 2974 contempletur.
834 2891 880 2954 Et
895 2890 945 2954 bic
961 2889 1091 2975 quidem
1107 2888 1226 2952 dicitur

274 3014 340 3058 esse
364 2991 571 3076 compositus.
621 2992 721 3054 Porro
748 2992 883 3078 simplex
906 3014 972 3055 rem
995 2989 1156 3055 interdurn
1181 2991 1227 3052 in-

276 3093 369 3180 spicit
383 3101 421 3158 αἱ
435 3101 492 3169 eat,
510 3105 546 3157 ut
562 3092 587 3156 si
607 3092 774 3157 Platonem
797 3092 957 3159 attendat:
981 3091 1141 3157 interdum
1164 3092 1227 3155 alio

277 3194 389 3259 modo:
412 3216 498 3257 nunc
512 3193 595 3258 euim
619 3193 851 3281 componendo,
867 3217 940 3280 quae
962 3217 1024 3257 non
1045 3205 1119 3257 sunt
1142 3216 1226 3257 oom-

276 3299 390 3383 posita,
421 3318 506 3360 nunc
535 3295 760 3371 abstrahendo,
792 3317 866 3380 quae
894 3318 957 3359 non
993 3308 1126 3382 possunt
1160 3318 1227 3361 esse

273 3396 445 3484 disjuncta.
489 3397 554 3471 Qui
577 3397 660 3460 enim
683 3397 902 3461 hircocervum
925 3398 1056 3483 cogitat,
1081 3411 1137 3463 aut
1156 3420 1228 3462 cen·

276 3514 417 3577 taurum,
443 3499 597 3583 ignotam,
621 3511 744 3564 uaturae
771 3499 907 3564 hominis
933 3501 973 3565 ad
998 3501 1144 3581 bestiam,
1169 3513 1227 3565 aut

277 3601 388 3665 bestiae
403 3598 443 3663 ad
462 3600 608 3676 bestiam,
623 3601 883 3687 compositionem
902 3601 1061 3688 opinatur.
1107 3601 1228 3688 Atqui

277 3702 404 3778 lineam,
419 3716 475 3766 aut
491 3702 688 3788 superficiem
704 3704 841 3768 attendit
857 3705 923 3768 sine
938 3728 1079 3792 corpore,
1094 3705 1227 3769 formam

279 3803 394 3891 utique
424 3802 700 3888 contemplationis
725 3804 819 3868 oculo
844 3829 863 3869 a
891 3808 1024 3871 materia
1052 3806 1228 3892 disjungit:

279 3926 379 3990 quum
397 3917 502 3968 tamen
519 3903 585 3967 sine
600 3907 732 3968 materia
742 3905 845 3969 forma
857 3927 925 3972 esse
936 3928 999 3971 non
1015 3907 1124 3992 possit.
1155 3911 1229 3971 Non

279 4018 383 4068 tamen
399 4005 504 4067 forma
518 4005 584 4067 sine
600 4009 731 4070 materia
745 4030 812 4071 esse
828 4009 1013 4072 abstrahens
1027 4008 1078 4071 hic
1093 4007 1230 4092 concipit

279 4105 461 4171 intellectus
487 4105 692 4191 (compositus
720 4108 804 4171 enim
833 4116 936 4190 esset‚)
964 4109 1018 4173 sed
1046 4107 1231 4193 simpliciter

280 4210 413 4272 alterum
431 4207 498 4270 sine
513 4210 623 4281 altero,
639 4230 739 4293 quum
763 4223 867 4273 tamen
884 4213 951 4273 sine
971 4210 1071 4272 altero
1085 4228 1153 4268 esse
1168 4226 1230 4266 non

281 4310 391 4392 possit,
418 4313 573 4374 intuetur.
620 4313 688 4373 Nec
710 4311 769 4373 hoc
792 4311 921 4395 quidem
946 4305 1139 4393 simplicitati
1162 4305 1232 4387 ejus

282 4411 482 4497 prejudicat,
507 4410 561 4472 sed
588 4434 626 4473 eo
653 4412 824 4496 simplicior
853 4427 913 4486 est,
939 4432 1005 4494 quo
1030 4405 1231 4491 simpliciora,
