2992 5592
145 821 210 867 ω’.
227 802 320 883 xia]
508 824 747 869 uarssoarcns.
1060 815 1101 872 85

139 969 293 1057 siqnidem
318 971 539 1046 existentium,
555 983 662 1058 quam
676 973 885 1059 possibilium,
901 972 1023 1038 facilior
1045 990 1092 1042 est

141 1073 336 1157 assignatio?
364 1072 499 1138 vacillat
514 1074 623 1160 itaque
638 1074 669 1138 in
690 1075 890 1140 naturalibus
905 1076 1094 1163 plerumque

140 1173 385 1259 (corporalibus,
416 1188 448 1239 et
482 1174 693 1239 mutabilibus
727 1175 815 1260 dico)
845 1180 928 1241 ratio
961 1177 1093 1243 demon·

138 1274 276 1339 strandi:
302 1276 358 1340 sed
374 1275 405 1339 in
423 1276 652 1341 mathematicis
663 1275 875 1342 efficacissime
889 1280 1089 1345 convalescit.

137 1376 299 1462 Quicquid
325 1378 410 1441 enim
436 1379 469 1441 in
495 1378 645 1457 numeris,
671 1380 944 1465 proportionibus,
967 1382 1089 1466 figuris,

138 1475 360 1563 similibusque
375 1479 422 1543 ab'
432 1502 468 1542 ea
484 1479 654 1564 colligitur,
670 1479 891 1544 indubitanter
906 1504 1016 1545 verum
1031 1497 1090 1560 est,

134 1591 166 1641 et
188 1578 282 1644 aliter
303 1603 372 1644 esse
393 1603 455 1645 non
479 1596 595 1668 potest.
643 1583 764 1667 Itaque
786 1582 826 1646 ad
851 1582 1089 1646 demonstrandi

134 1679 297 1744 scientim
313 1702 377 1744 non
393 1681 522 1767 aspiret,
535 1682 588 1746 cui
603 1680 783 1768 probabilia
795 1694 870 1746 nota
886 1705 947 1745 non
959 1682 1088 1747 fuerint.

134 1782 396 1846 Demonstrative
410 1804 486 1866 ergo
500 1782 657 1868 principia
672 1782 845 1845 necessaria
856 1796 949 1845 suut:
973 1780 1088 1847 dialec-

133 1883 205 1961 tice,
220 1883 410 1969 probabilia.
446 1883 543 1948 Unde
558 1897 590 1949 et
607 1883 804 1948 Dialecticus
818 1883 859 1948 ab
874 1882 936 1947 illis
952 1884 1086 1948 abstine-

133 1983 191 2058 bit,
213 2008 290 2071 quae
313 1983 393 2048 nulli
417 1984 576 2065 videatur,
598 2009 636 2048 ne
660 1984 816 2048 habeatur
839 1985 986 2048 insanus:
1018 1999 1048 2049 et
1069 2008 1088 2048 a

134 2084 321 2165 manifestis,
342 2108 381 2148 ne
408 2084 539 2171 palpare
568 2085 715 2149 videatur
741 2085 772 2147 in
800 2085 956 2149 tenebris:
989 2099 1021 2150 et
1047 2089 1087 2151 iis

131 2186 292 2252 duntaxat
307 2186 443 2263 insistet,
456 2211 529 2273 quae
545 2201 601 2252 aut
617 2188 777 2263 omnibus,
789 2200 842 2252 aut
861 2185 1020 2273 pluribus,
1031 2198 1086 2253 aut

129 2289 314 2376 praecipuis,
328 2289 358 2352 in
377 2312 572 2375 unoquoque
587 2312 738 2374 generum
756 2302 831 2353 nota
846 2302 949 2354 erunt.

396 2480 476 2564 Cap.
496 2484 543 2542 14.
567 2480 649 2543 Item
665 2482 705 2543 cle
719 2482 832 2544 eodem.

174 2595 356 2660 Pinnetem
371 2597 481 2679 itaque
493 2593 677 2659 Dialecticae
689 2593 867 2680 probabilia
883 2610 974 2667 sunt;
1001 2596 1084 2659 sicut

133 2696 407 2759 Demonstrativae
427 2695 608 2758 necessaria.
654 2696 790 2773 Quodsi
813 2695 889 2780 quid
909 2694 1085 2778 probabile,

131 2807 163 2859 et
178 2796 389 2861 necessarium
410 2810 469 2874 est,
483 2796 523 2860 ad
541 2809 677 2882 utraque
693 2796 809 2883 poterit
826 2797 1000 2882 pertinere:
1030 2795 1085 2859 sed

132 2895 262 2963 aliunde
277 2900 319 2964 ad
335 2898 477 2964 alteram.
510 2897 585 2962 Sola
599 2902 682 2963 enim
698 2899 905 2985 probabilitas
919 2897 1085 2961 dialectico

131 2998 256 3065 sufficit.
302 3000 399 3068 Unde
430 3000 543 3065 Cicero
573 3005 603 3066 in
635 3000 775 3064 secundo
806 2999 1082 3064 Tusculanarum:

131 3103 200 3165 Nos
221 3106 278 3184 qni
298 3106 463 3187 sequimur
484 3105 670 3186 probabilia,
693 3124 751 3165 aec
774 3104 980 3182 ultraquam
1002 3100 1087 3180 qaod

132 3204 304 3269 verisimile
339 3208 488 3285 occurris,
523 3205 677 3287 progredi
708 3221 889 3284 possamus,
928 3210 959 3264 et
993 3200 1086 3285 rissei-

132 3305 196 3370 tere
208 3308 283 3370 siae
301 3307 490 3382 iracundia,
505 3316 536 3369 et
558 3305 663 3386 refelli
683 3307 754 3367 aine
775 3305 954 3385 pertinacia
969 3305 1087 3383 parati

128 3428 248 3474 mmsis.
296 3407 387 3472 Idem
411 3430 541 3494 quoque
563 3406 658 3470 alibi:
689 3408 791 3469 Harsa
811 3407 902 3468 notia
923 3407 980 3468 dat
1002 3405 1084 3468 Aon-

130 3510 233 3574 demia
246 3517 360 3574 nostra
372 3508 545 3587 licentiam,
555 3515 592 3570 art
604 3508 758 3589 quicquid
763 3508 926 3590 probabile
934 3510 1083 3582 occurrit,

129 3616 236 3673 nostro
248 3611 329 3690 jure
349 3610 443 3673 liceat
465 3608 638 3694 defendere.
684 3605 743 3670 Est
770 3618 876 3670 autem
906 3605 1083 3692 probabile,

129 3710 214 3795 quod
231 3709 362 3774 habenti
380 3709 554 3794 judicium,
569 3709 663 3772 etiam
680 3730 698 3771 a
714 3707 878 3794 superficie
894 3706 1081 3781 innotescit;

128 3810 317 3898 sicquidem
335 3811 368 3875 in
383 3809 544 3885 omnibus,
561 3822 593 3872 et
609 3831 744 3897 semper,
756 3820 812 3872 aut
827 3809 859 3870 in
876 3806 1084 3893 paucissimis,

129 3926 158 3978 et
171 3913 350 3978 admodum
364 3934 449 3989 raro,
461 3911 554 3976 aliter
570 3910 719 3975 existens.
757 3908 852 3987 Quod
865 3910 947 3973 enim
960 3931 1083 3994 semper

130 4016 181 4094 sic,
192 4029 248 4082 aut
265 4012 543 4102 frequentissime;
568 4025 623 4077 aut
641 4011 805 4097 probabile
817 4024 875 4091 est,
887 4025 943 4076 aut
959 4013 1084 4075 ridetur

130 4116 303 4202 probabile,
318 4118 380 4182 atsi
396 4117 489 4181 aliter
509 4139 575 4179 esse
599 4115 707 4202 possit.
752 4118 858 4180 Tanto
880 4125 987 4178 autem
1011 4134 1084 4196 pro·

131 4218 278 4297 habilius,
295 4232 420 4307 quanto
442 4218 571 4282 babenti
590 4217 748 4303 judicium
766 4216 891 4281 facilius
914 4228 946 4277 et
969 4212 1085 4275 certius

129 4320 304 4388 innotescit.
352 4323 432 4385 Sunt
455 4322 537 4383 euim
563 4320 709 4405 quaedam
734 4330 824 4382 tanta
847 4312 1082 4402 probabilitatis

127 4420 191 4490 luce
204 4425 392 4512 conspicua,
406 4434 443 4487 ut
454 4423 548 4487 ctiam
562 4421 734 4487 necessaria
747 4428 945 4504 reputentur.
985 4416 1080 4487 Quie-
