<?xml version="1.0" encoding="UTF-8"?>
<!DOCTYPE html PUBLIC "-//W3C//DTD XHTML 1.0 Transitional//EN"
    "http://www.w3.org/TR/xhtml1/DTD/xhtml1-transitional.dtd">
<html xmlns="http://www.w3.org/1999/xhtml" xml:lang="en" lang="en">
 <head>
  <title>
</title>
<meta http-equiv="Content-Type" content="text/html;charset=utf-8" />
  <meta name='ocr-system' content='tesseract 3.04.00' />
  <meta name='ocr-capabilities' content='ocr_page ocr_carea ocr_par ocr_line ocrx_word'/>
</head>
<body>
  <div class='ocr_page' id='page_1' title='image "./joannissaresber15johngoog_0238.png"; bbox 0 0 2992 5592; ppageno 0'>
   <div class='ocr_carea' id='block_1_1' title="bbox 276 777 1229 856">
    <p class='ocr_par' dir='ltr' id='par_1_1' title="bbox 276 777 1229 856">
     <span class='ocr_line' id='line_1_1' title="bbox 276 777 1229 856; baseline 0.007 -24"><span class='ocrx_word' id='word_1_1' title='bbox 276 789 341 845; x_wconf 70' lang='lat' dir='ltr'><strong>m</strong></span> <span class='ocrx_word' id='word_1_2' title='bbox 534 794 669 838; x_wconf 73' lang='lat' dir='ltr'><strong>ioannis</strong></span> <span class='ocrx_word' id='word_1_3' title='bbox 687 793 966 838; x_wconf 75' lang='lat' dir='ltr'><strong>saansaamas&#39;srs</strong></span> <span class='ocrx_word' id='word_1_4' title='bbox 1070 777 1176 856; x_wconf 80' lang='lat' dir='ltr'><strong>[secr.</strong></span> <span class='ocrx_word' id='word_1_5' title='bbox 1191 798 1229 842; x_wconf 85' lang='lat' dir='ltr'><strong>vi.</strong></span> 
     </span>
    </p>
   </div>
   <div class='ocr_carea' id='block_1_2' title="bbox 267 945 1230 4506">
    <p class='ocr_par' dir='ltr' id='par_1_2' title="bbox 273 945 1230 1240">
     <span class='ocr_line' id='line_1_2' title="bbox 274 945 1229 1034; baseline 0 -21"><span class='ocrx_word' id='word_1_6' title='bbox 274 948 453 1034; x_wconf 81' lang='lat' dir='ltr'><strong>diligamus.</strong></span> <span class='ocrx_word' id='word_1_7' title='bbox 488 948 539 1010; x_wconf 88' lang='lat' dir='ltr'><strong>Sic</strong></span> <span class='ocrx_word' id='word_1_8' title='bbox 555 945 654 1030; x_wconf 88' lang='lat' dir='ltr'><strong>igitur</strong></span> <span class='ocrx_word' id='word_1_9' title='bbox 670 967 771 1030; x_wconf 90' lang='lat' dir='ltr'><strong>quum</strong></span> <span class='ocrx_word' id='word_1_10' title='bbox 789 958 856 1008; x_wconf 88' lang='lat' dir='ltr'><strong>tota</strong></span> <span class='ocrx_word' id='word_1_11' title='bbox 871 946 987 1008; x_wconf 83' lang='lat' dir='ltr'><strong>mentis</strong></span> <span class='ocrx_word' id='word_1_12' title='bbox 1000 947 1229 1032; x_wconf 74' lang='lat' dir='ltr'>tranquillitate</span> 
     </span>
     <span class='ocr_line' id='line_1_3' title="bbox 273 1045 1230 1134; baseline -0.001 -19"><span class='ocrx_word' id='word_1_13' title='bbox 273 1048 456 1115; x_wconf 89' lang='lat' dir='ltr'><strong>meditando</strong></span> <span class='ocrx_word' id='word_1_14' title='bbox 487 1070 615 1111; x_wconf 90' lang='lat' dir='ltr'><strong>oramus</strong></span> <span class='ocrx_word' id='word_1_15' title='bbox 645 1045 693 1109; x_wconf 87' lang='lat' dir='ltr'><strong>vel</strong></span> <span class='ocrx_word' id='word_1_16' title='bbox 726 1045 874 1128; x_wconf 84' lang='lat' dir='ltr'><strong>legimus,</strong></span> <span class='ocrx_word' id='word_1_17' title='bbox 904 1047 935 1109; x_wconf 90' lang='lat' dir='ltr'><strong>iu</strong></span> <span class='ocrx_word' id='word_1_18' title='bbox 966 1049 1230 1134; x_wconf 83' lang='lat' dir='ltr'>contemplatione</span> 
     </span>
     <span class='ocr_line' id='line_1_4' title="bbox 273 1151 474 1240; baseline -0.02 -25"><span class='ocrx_word' id='word_1_19' title='bbox 273 1151 474 1240; x_wconf 83' lang='lat' dir='ltr'>quiescimus.</span> 
     </span>
    </p>

    <p class='ocr_par' dir='ltr' id='par_1_3' title="bbox 269 1250 1229 3668">
     <span class='ocr_line' id='line_1_5' title="bbox 317 1250 1225 1338; baseline -0.001 -21"><span class='ocrx_word' id='word_1_20' title='bbox 317 1253 528 1338; x_wconf 90' lang='lat' dir='ltr'><strong>Soliloquium</strong></span> <span class='ocrx_word' id='word_1_21' title='bbox 554 1252 710 1337; x_wconf 85' lang='lat' dir='ltr'><strong>sequitur,</strong></span> <span class='ocrx_word' id='word_1_22' title='bbox 728 1250 817 1336; x_wconf 90' lang='lat' dir='ltr'><strong>quod</strong></span> <span class='ocrx_word' id='word_1_23' title='bbox 840 1264 888 1314; x_wconf 90' lang='lat' dir='ltr'><strong>est</strong></span> <span class='ocrx_word' id='word_1_24' title='bbox 912 1251 1050 1338; x_wconf 90' lang='lat' dir='ltr'><strong>alicujus</strong></span> <span class='ocrx_word' id='word_1_25' title='bbox 1075 1251 1117 1315; x_wconf 90' lang='lat' dir='ltr'><strong>ad</strong></span> <span class='ocrx_word' id='word_1_26' title='bbox 1142 1275 1173 1316; x_wconf 90' lang='lat' dir='ltr'><strong>se</strong></span> <span class='ocrx_word' id='word_1_27' title='bbox 1197 1269 1225 1317; x_wconf 87' lang='lat' dir='ltr'><strong>et</strong></span> 
     </span>
     <span class='ocr_line' id='line_1_6' title="bbox 273 1352 1229 1439; baseline -0.003 -19"><span class='ocrx_word' id='word_1_28' title='bbox 273 1357 314 1421; x_wconf 89' lang='lat' dir='ltr'><strong>de</strong></span> <span class='ocrx_word' id='word_1_29' title='bbox 336 1379 368 1418; x_wconf 87' lang='lat' dir='ltr'><strong>se</strong></span> <span class='ocrx_word' id='word_1_30' title='bbox 391 1355 495 1418; x_wconf 91' lang='lat' dir='ltr'><strong>solum</strong></span> <span class='ocrx_word' id='word_1_31' title='bbox 517 1353 692 1439; x_wconf 90' lang='lat' dir='ltr'><strong>eloquium,</strong></span> <span class='ocrx_word' id='word_1_32' title='bbox 707 1352 807 1438; x_wconf 85' lang='lat' dir='ltr'><strong>ipsius</strong></span> <span class='ocrx_word' id='word_1_33' title='bbox 828 1352 965 1416; x_wconf 89' lang='lat' dir='ltr'><strong>bominis</strong></span> <span class='ocrx_word' id='word_1_34' title='bbox 985 1375 1141 1437; x_wconf 88' lang='lat' dir='ltr'><strong>generans</strong></span> <span class='ocrx_word' id='word_1_35' title='bbox 1160 1377 1229 1417; x_wconf 90' lang='lat' dir='ltr'><strong>eon·</strong></span> 
     </span>
     <span class='ocr_line' id='line_1_7' title="bbox 273 1453 1226 1543; baseline -0.003 -21"><span class='ocrx_word' id='word_1_36' title='bbox 273 1469 441 1543; x_wconf 87' lang='lat' dir='ltr'><strong>temptum.</strong></span> <span class='ocrx_word' id='word_1_37' title='bbox 485 1453 695 1540; x_wconf 90' lang='lat' dir='ltr'><strong>Soliloquium</strong></span> <span class='ocrx_word' id='word_1_38' title='bbox 726 1453 858 1530; x_wconf 89' lang='lat' dir='ltr'><strong>dicitur,</strong></span> <span class='ocrx_word' id='word_1_39' title='bbox 882 1453 959 1539; x_wconf 88' lang='lat' dir='ltr'><strong>quia</strong></span> <span class='ocrx_word' id='word_1_40' title='bbox 989 1454 1039 1516; x_wconf 87' lang='lat' dir='ltr'><strong>vir</strong></span> <span class='ocrx_word' id='word_1_41' title='bbox 1065 1477 1099 1517; x_wconf 91' lang='lat' dir='ltr'><strong>se</strong></span> <span class='ocrx_word' id='word_1_42' title='bbox 1129 1455 1226 1519; x_wconf 90' lang='lat' dir='ltr'><strong>solum</strong></span> 
     </span>
     <span class='ocr_line' id='line_1_8' title="bbox 273 1554 1228 1646; baseline -0.004 -22"><span class='ocrx_word' id='word_1_43' title='bbox 273 1558 460 1646; x_wconf 75' lang='lat' dir='ltr'><strong>alloquitur,</strong></span> <span class='ocrx_word' id='word_1_44' title='bbox 483 1555 514 1619; x_wconf 91' lang='lat' dir='ltr'><strong>id</strong></span> <span class='ocrx_word' id='word_1_45' title='bbox 537 1570 595 1630; x_wconf 89' lang='lat' dir='ltr'><strong>est,</strong></span> <span class='ocrx_word' id='word_1_46' title='bbox 623 1578 725 1642; x_wconf 89' lang='lat' dir='ltr'><strong>quum</strong></span> <span class='ocrx_word' id='word_1_47' title='bbox 746 1555 842 1618; x_wconf 92' lang='lat' dir='ltr'><strong>homo</strong></span> <span class='ocrx_word' id='word_1_48' title='bbox 866 1554 998 1619; x_wconf 90' lang='lat' dir='ltr'><strong>interior</strong></span> <span class='ocrx_word' id='word_1_49' title='bbox 1024 1556 1228 1621; x_wconf 83' lang='lat' dir='ltr'><strong>abexteriori</strong></span> 
     </span>
     <span class='ocr_line' id='line_1_9' title="bbox 273 1656 1228 1737; baseline -0.004 -10"><span class='ocrx_word' id='word_1_50' title='bbox 273 1685 335 1727; x_wconf 93' lang='lat' dir='ltr'><strong>non</strong></span> <span class='ocrx_word' id='word_1_51' title='bbox 360 1661 519 1737; x_wconf 89' lang='lat' dir='ltr'><strong>turbatur,</strong></span> <span class='ocrx_word' id='word_1_52' title='bbox 534 1658 587 1720; x_wconf 90' lang='lat' dir='ltr'><strong>sed</strong></span> <span class='ocrx_word' id='word_1_53' title='bbox 612 1656 716 1721; x_wconf 88' lang='lat' dir='ltr'><strong>cordis</strong></span> <span class='ocrx_word' id='word_1_54' title='bbox 737 1670 857 1721; x_wconf 86' lang='lat' dir='ltr'><strong>secreta</strong></span> <span class='ocrx_word' id='word_1_55' title='bbox 877 1658 1023 1733; x_wconf 81' lang='lat' dir='ltr'>rimatur,</span> <span class='ocrx_word' id='word_1_56' title='bbox 1040 1671 1177 1722; x_wconf 85' lang='lat' dir='ltr'><strong>mentem</strong></span> <span class='ocrx_word' id='word_1_57' title='bbox 1198 1674 1228 1723; x_wconf 89' lang='lat' dir='ltr'><strong>et</strong></span> 
     </span>
     <span class='ocr_line' id='line_1_10' title="bbox 275 1759 1228 1846; baseline -0.005 -17"><span class='ocrx_word' id='word_1_58' title='bbox 275 1763 495 1830; x_wconf 84' lang='lat' dir='ltr'><strong>conscientiam</strong></span> <span class='ocrx_word' id='word_1_59' title='bbox 512 1760 555 1824; x_wconf 91' lang='lat' dir='ltr'><strong>ob</strong></span> <span class='ocrx_word' id='word_1_60' title='bbox 570 1761 619 1824; x_wconf 88' lang='lat' dir='ltr'><strong>sui</strong></span> <span class='ocrx_word' id='word_1_61' title='bbox 636 1772 854 1845; x_wconf 87' lang='lat' dir='ltr'><strong>contemptum</strong></span> <span class='ocrx_word' id='word_1_62' title='bbox 870 1759 1052 1823; x_wconf 90' lang='lat' dir='ltr'><strong>considerat</strong></span> <span class='ocrx_word' id='word_1_63' title='bbox 1073 1774 1104 1824; x_wconf 92' lang='lat' dir='ltr'><strong>et</strong></span> <span class='ocrx_word' id='word_1_64' title='bbox 1122 1783 1228 1846; x_wconf 90' lang='lat' dir='ltr'><strong>specu·</strong></span> 
     </span>
     <span class='ocr_line' id='line_1_11' title="bbox 273 1862 1229 1950; baseline -0.003 -19"><span class='ocrx_word' id='word_1_65' title='bbox 273 1866 369 1931; x_wconf 90' lang='lat' dir='ltr'><strong>latur.</strong></span> <span class='ocrx_word' id='word_1_66' title='bbox 415 1862 627 1950; x_wconf 79' lang='lat' dir='ltr'><strong>soliloquium</strong></span> <span class='ocrx_word' id='word_1_67' title='bbox 652 1884 726 1926; x_wconf 91' lang='lat' dir='ltr'><strong>vero</strong></span> <span class='ocrx_word' id='word_1_68' title='bbox 750 1862 854 1925; x_wconf 87' lang='lat' dir='ltr'><strong>tribus</strong></span> <span class='ocrx_word' id='word_1_69' title='bbox 874 1864 911 1926; x_wconf 86' lang='lat' dir='ltr'><strong>fit</strong></span> <span class='ocrx_word' id='word_1_70' title='bbox 935 1862 1048 1937; x_wconf 91' lang='lat' dir='ltr'><strong>modis,</strong></span> <span class='ocrx_word' id='word_1_71' title='bbox 1063 1886 1104 1927; x_wconf 83' lang='lat' dir='ltr'><strong>ex</strong></span> <span class='ocrx_word' id='word_1_72' title='bbox 1126 1864 1229 1950; x_wconf 83' lang='lat' dir='ltr'><strong>gratia</strong></span> 
     </span>
     <span class='ocr_line' id='line_1_12' title="bbox 273 1963 1229 2054; baseline -0.002 -22"><span class='ocrx_word' id='word_1_73' title='bbox 273 1969 458 2054; x_wconf 82' lang='lat' dir='ltr'><strong>inspirante,</strong></span> <span class='ocrx_word' id='word_1_74' title='bbox 483 1988 524 2029; x_wconf 89' lang='lat' dir='ltr'><strong>ex</strong></span> <span class='ocrx_word' id='word_1_75' title='bbox 551 1963 768 2041; x_wconf 82' lang='lat' dir='ltr'><strong>meditatione,</strong></span> <span class='ocrx_word' id='word_1_76' title='bbox 791 1987 831 2029; x_wconf 84' lang='lat' dir='ltr'><strong>ex</strong></span> <span class='ocrx_word' id='word_1_77' title='bbox 853 1964 1004 2041; x_wconf 89' lang='lat' dir='ltr'><strong>oratione,</strong></span> <span class='ocrx_word' id='word_1_78' title='bbox 1046 1966 1101 2031; x_wconf 82' lang='lat' dir='ltr'><strong>Ex</strong></span> <span class='ocrx_word' id='word_1_79' title='bbox 1123 1969 1229 2051; x_wconf 86' lang='lat' dir='ltr'><strong>gratia</strong></span> 
     </span>
     <span class='ocr_line' id='line_1_13' title="bbox 272 2065 1228 2152; baseline -0.001 -18"><span class='ocrx_word' id='word_1_80' title='bbox 272 2071 375 2134; x_wconf 91' lang='lat' dir='ltr'><strong>oritur</strong></span> <span class='ocrx_word' id='word_1_81' title='bbox 400 2069 432 2132; x_wconf 92' lang='lat' dir='ltr'><strong>in</strong></span> <span class='ocrx_word' id='word_1_82' title='bbox 459 2065 746 2152; x_wconf 85' lang='lat' dir='ltr'><strong>compunctionem,</strong></span> <span class='ocrx_word' id='word_1_83' title='bbox 771 2089 809 2130; x_wconf 89' lang='lat' dir='ltr'><strong>ex</strong></span> <span class='ocrx_word' id='word_1_84' title='bbox 838 2065 1040 2130; x_wconf 78' lang='lat' dir='ltr'><strong>meditatione</strong></span> <span class='ocrx_word' id='word_1_85' title='bbox 1065 2072 1228 2135; x_wconf 87' lang='lat' dir='ltr'><strong>excitatur</strong></span> 
     </span>
     <span class='ocr_line' id='line_1_14' title="bbox 271 2169 1226 2244; baseline -0.001 -8"><span class='ocrx_word' id='word_1_86' title='bbox 271 2174 304 2236; x_wconf 92' lang='lat' dir='ltr'><strong>in</strong></span> <span class='ocrx_word' id='word_1_87' title='bbox 321 2170 533 2244; x_wconf 88' lang='lat' dir='ltr'><strong>devotionem,</strong></span> <span class='ocrx_word' id='word_1_88' title='bbox 548 2192 586 2232; x_wconf 87' lang='lat' dir='ltr'><strong>ex</strong></span> <span class='ocrx_word' id='word_1_89' title='bbox 604 2170 746 2233; x_wconf 85' lang='lat' dir='ltr'><strong>oratione</strong></span> <span class='ocrx_word' id='word_1_90' title='bbox 762 2170 920 2234; x_wconf 85' lang='lat' dir='ltr'><strong>formatur</strong></span> <span class='ocrx_word' id='word_1_91' title='bbox 934 2169 965 2233; x_wconf 90' lang='lat' dir='ltr'><strong>in</strong></span> <span class='ocrx_word' id='word_1_92' title='bbox 981 2169 1094 2233; x_wconf 86' lang='lat' dir='ltr'><strong>bonam</strong></span> <span class='ocrx_word' id='word_1_93' title='bbox 1112 2170 1226 2235; x_wconf 83' lang='lat' dir='ltr'><strong>volun·</strong></span> 
     </span>
     <span class='ocr_line' id='line_1_15' title="bbox 272 2270 1224 2361; baseline -0.001 -21"><span class='ocrx_word' id='word_1_94' title='bbox 272 2287 379 2340; x_wconf 90' lang='lat' dir='ltr'><strong>tatem.</strong></span> <span class='ocrx_word' id='word_1_95' title='bbox 426 2270 639 2355; x_wconf 87' lang='lat' dir='ltr'><strong>Compunctio</strong></span> <span class='ocrx_word' id='word_1_96' title='bbox 654 2271 684 2334; x_wconf 94' lang='lat' dir='ltr'><strong>in</strong></span> <span class='ocrx_word' id='word_1_97' title='bbox 701 2270 813 2336; x_wconf 85' lang='lat' dir='ltr'><strong>fletum</strong></span> <span class='ocrx_word' id='word_1_98' title='bbox 834 2270 1042 2338; x_wconf 85' lang='lat' dir='ltr'><strong>miserabilem</strong></span> <span class='ocrx_word' id='word_1_99' title='bbox 1065 2275 1224 2361; x_wconf 86' lang='lat' dir='ltr'><strong>erumpit;</strong></span> 
     </span>
     <span class='ocr_line' id='line_1_16' title="bbox 271 2372 1227 2459; baseline 0.001 -19"><span class='ocrx_word' id='word_1_100' title='bbox 271 2375 401 2441; x_wconf 83' lang='lat' dir='ltr'><strong>devotio</strong></span> <span class='ocrx_word' id='word_1_101' title='bbox 426 2385 563 2436; x_wconf 86' lang='lat' dir='ltr'><strong>mentem</strong></span> <span class='ocrx_word' id='word_1_102' title='bbox 590 2372 630 2435; x_wconf 89' lang='lat' dir='ltr'><strong>ad</strong></span> <span class='ocrx_word' id='word_1_103' title='bbox 658 2374 799 2439; x_wconf 68' lang='lat' dir='ltr'><strong>coelestia</strong></span> <span class='ocrx_word' id='word_1_104' title='bbox 821 2373 934 2459; x_wconf 78' lang='lat' dir='ltr'><strong>erigit3</strong></span> <span class='ocrx_word' id='word_1_105' title='bbox 972 2375 1057 2439; x_wconf 91' lang='lat' dir='ltr'><strong>bona</strong></span> <span class='ocrx_word' id='word_1_106' title='bbox 1078 2379 1227 2441; x_wconf 83' lang='lat' dir='ltr'><strong>voluntas</strong></span> 
     </span>
     <span class='ocr_line' id='line_1_17' title="bbox 271 2473 1224 2564; baseline 0.001 -22"><span class='ocrx_word' id='word_1_107' title='bbox 271 2479 312 2542; x_wconf 90' lang='lat' dir='ltr'><strong>ad</strong></span> <span class='ocrx_word' id='word_1_108' title='bbox 333 2499 416 2564; x_wconf 91' lang='lat' dir='ltr'><strong>opus</strong></span> <span class='ocrx_word' id='word_1_109' title='bbox 437 2473 580 2538; x_wconf 86' lang='lat' dir='ltr'><strong>celeriter</strong></span> <span class='ocrx_word' id='word_1_110' title='bbox 601 2473 724 2550; x_wconf 89' lang='lat' dir='ltr'><strong>teudit;</strong></span> <span class='ocrx_word' id='word_1_111' title='bbox 750 2474 845 2540; x_wconf 86' lang='lat' dir='ltr'><strong>fletus</strong></span> <span class='ocrx_word' id='word_1_112' title='bbox 867 2499 941 2539; x_wconf 87' lang='lat' dir='ltr'><strong>vero</strong></span> <span class='ocrx_word' id='word_1_113' title='bbox 962 2476 1148 2542; x_wconf 86' lang='lat' dir='ltr'><strong>miserabilis</strong></span> <span class='ocrx_word' id='word_1_114' title='bbox 1168 2480 1224 2543; x_wconf 93' lang='lat' dir='ltr'><strong>mi·</strong></span> 
     </span>
     <span class='ocr_line' id='line_1_18' title="bbox 272 2577 1224 2665; baseline -0.001 -20"><span class='ocrx_word' id='word_1_115' title='bbox 272 2577 457 2645; x_wconf 88' lang='lat' dir='ltr'><strong>sericordem</strong></span> <span class='ocrx_word' id='word_1_116' title='bbox 482 2577 657 2641; x_wconf 90' lang='lat' dir='ltr'><strong>Dominum</strong></span> <span class='ocrx_word' id='word_1_117' title='bbox 685 2579 816 2665; x_wconf 84' lang='lat' dir='ltr'><strong>expetit.</strong></span> <span class='ocrx_word' id='word_1_118' title='bbox 865 2580 960 2643; x_wconf 90' lang='lat' dir='ltr'><strong>Mens</strong></span> <span class='ocrx_word' id='word_1_119' title='bbox 989 2594 1095 2644; x_wconf 88' lang='lat' dir='ltr'><strong>erecta</strong></span> <span class='ocrx_word' id='word_1_120' title='bbox 1122 2582 1224 2644; x_wconf 85' lang='lat' dir='ltr'><strong>cordis</strong></span> 
     </span>
     <span class='ocr_line' id='line_1_19' title="bbox 272 2679 1226 2769; baseline -0.001 -21"><span class='ocrx_word' id='word_1_121' title='bbox 272 2684 335 2748; x_wconf 89' lang='lat' dir='ltr'><strong>ima</strong></span> <span class='ocrx_word' id='word_1_122' title='bbox 356 2679 531 2769; x_wconf 76' lang='lat' dir='ltr'><strong>praecurrit,</strong></span> <span class='ocrx_word' id='word_1_123' title='bbox 553 2679 646 2745; x_wconf 80' lang='lat' dir='ltr'><strong>bonae</strong></span> <span class='ocrx_word' id='word_1_124' title='bbox 673 2680 847 2745; x_wconf 86' lang='lat' dir='ltr'><strong>voluntatis</strong></span> <span class='ocrx_word' id='word_1_125' title='bbox 866 2704 949 2767; x_wconf 92' lang='lat' dir='ltr'><strong>opus</strong></span> <span class='ocrx_word' id='word_1_126' title='bbox 970 2681 1068 2768; x_wconf 87' lang='lat' dir='ltr'><strong>ipsius</strong></span> <span class='ocrx_word' id='word_1_127' title='bbox 1091 2682 1226 2747; x_wconf 91' lang='lat' dir='ltr'><strong>hominis</strong></span> 
     </span>
     <span class='ocr_line' id='line_1_20' title="bbox 271 2781 1226 2872; baseline -0.001 -22"><span class='ocrx_word' id='word_1_128' title='bbox 271 2797 488 2871; x_wconf 90' lang='lat' dir='ltr'><strong>contemptum</strong></span> <span class='ocrx_word' id='word_1_129' title='bbox 505 2781 654 2848; x_wconf 88' lang='lat' dir='ltr'><strong>ostendit.</strong></span> <span class='ocrx_word' id='word_1_130' title='bbox 702 2787 750 2848; x_wconf 91' lang='lat' dir='ltr'><strong>De</strong></span> <span class='ocrx_word' id='word_1_131' title='bbox 770 2782 848 2848; x_wconf 88' lang='lat' dir='ltr'><strong>fletu</strong></span> <span class='ocrx_word' id='word_1_132' title='bbox 869 2805 943 2847; x_wconf 85' lang='lat' dir='ltr'><strong>vero</strong></span> <span class='ocrx_word' id='word_1_133' title='bbox 963 2783 1134 2850; x_wconf 84' lang='lat' dir='ltr'><strong>miserabili</strong></span> <span class='ocrx_word' id='word_1_134' title='bbox 1155 2808 1226 2872; x_wconf 94' lang='lat' dir='ltr'><strong>pro-</strong></span> 
     </span>
     <span class='ocr_line' id='line_1_21' title="bbox 272 2884 1225 2975; baseline -0.002 -23"><span class='ocrx_word' id='word_1_135' title='bbox 272 2889 370 2975; x_wconf 89' lang='lat' dir='ltr'><strong>pheta</strong></span> <span class='ocrx_word' id='word_1_136' title='bbox 389 2887 478 2964; x_wconf 92' lang='lat' dir='ltr'><strong>dicit,</strong></span> <span class='ocrx_word' id='word_1_137' title='bbox 494 2892 503 2921; x_wconf 92' lang='lat'>‘</span> <span class='ocrx_word' id='word_1_138' title='bbox 520 2886 699 2950; x_wconf 89' lang='lat' dir='ltr'><strong>Exaudivit</strong></span> <span class='ocrx_word' id='word_1_139' title='bbox 718 2886 875 2951; x_wconf 88' lang='lat' dir='ltr'><strong>Dominus</strong></span> <span class='ocrx_word' id='word_1_140' title='bbox 894 2909 1000 2951; x_wconf 90' lang='lat' dir='ltr'><strong>vocem</strong></span> <span class='ocrx_word' id='word_1_141' title='bbox 1022 2884 1118 2951; x_wconf 88' lang='lat' dir='ltr'><strong>fletus</strong></span> <span class='ocrx_word' id='word_1_142' title='bbox 1141 2888 1225 2951; x_wconf 89' lang='lat' dir='ltr'><strong>mei.&#39;</strong></span> 
     </span>
     <span class='ocr_line' id='line_1_22' title="bbox 273 2987 1223 3074; baseline -0.001 -19"><span class='ocrx_word' id='word_1_143' title='bbox 273 2990 338 3056; x_wconf 83' lang='lat' dir='ltr'><strong>Hic</strong></span> <span class='ocrx_word' id='word_1_144' title='bbox 360 2993 466 3063; x_wconf 86' lang='lat' dir='ltr'><strong>fletus,</strong></span> <span class='ocrx_word' id='word_1_145' title='bbox 487 2987 518 3052; x_wconf 94' lang='lat' dir='ltr'><strong>id</strong></span> <span class='ocrx_word' id='word_1_146' title='bbox 540 3000 598 3063; x_wconf 90' lang='lat' dir='ltr'><strong>est,</strong></span> <span class='ocrx_word' id='word_1_147' title='bbox 616 2988 827 3074; x_wconf 82' lang='lat' dir='ltr'><strong>lacrymarum</strong></span> <span class='ocrx_word' id='word_1_148' title='bbox 850 3011 911 3072; x_wconf 89' lang='lat' dir='ltr'><strong>pro</strong></span> <span class='ocrx_word' id='word_1_149' title='bbox 930 2987 1064 3074; x_wconf 89' lang='lat' dir='ltr'><strong>peccatis</strong></span> <span class='ocrx_word' id='word_1_150' title='bbox 1078 2989 1223 3054; x_wconf 89' lang='lat' dir='ltr'><strong>emissio:</strong></span> 
     </span>
     <span class='ocr_line' id='line_1_23' title="bbox 272 3088 1225 3166; baseline 0 -8"><span class='ocrx_word' id='word_1_151' title='bbox 272 3116 334 3158; x_wconf 91' lang='lat' dir='ltr'><strong>non</strong></span> <span class='ocrx_word' id='word_1_152' title='bbox 351 3091 452 3166; x_wconf 89' lang='lat' dir='ltr'><strong>nobis,</strong></span> <span class='ocrx_word' id='word_1_153' title='bbox 469 3090 523 3154; x_wconf 90' lang='lat' dir='ltr'><strong>sed</strong></span> <span class='ocrx_word' id='word_1_154' title='bbox 542 3112 647 3153; x_wconf 89' lang='lat' dir='ltr'><strong>vocem</strong></span> <span class='ocrx_word' id='word_1_155' title='bbox 667 3090 784 3155; x_wconf 85' lang='lat' dir='ltr'><strong>habent</strong></span> <span class='ocrx_word' id='word_1_156' title='bbox 810 3088 891 3155; x_wconf 90' lang='lat' dir='ltr'><strong>Deo.</strong></span> <span class='ocrx_word' id='word_1_157' title='bbox 938 3090 981 3155; x_wconf 83' lang='lat' dir='ltr'><strong>Et</strong></span> <span class='ocrx_word' id='word_1_158' title='bbox 1003 3091 1054 3155; x_wconf 88' lang='lat' dir='ltr'><strong>hic</strong></span> <span class='ocrx_word' id='word_1_159' title='bbox 1069 3090 1164 3157; x_wconf 90' lang='lat' dir='ltr'><strong>fletus</strong></span> <span class='ocrx_word' id='word_1_160' title='bbox 1178 3107 1225 3158; x_wconf 91' lang='lat' dir='ltr'><strong>est</strong></span> 
     </span>
     <span class='ocr_line' id='line_1_24' title="bbox 271 3191 1225 3281; baseline -0.002 -19"><span class='ocrx_word' id='word_1_161' title='bbox 271 3196 359 3262; x_wconf 89' lang='lat' dir='ltr'><strong>utilis</strong></span> <span class='ocrx_word' id='word_1_162' title='bbox 373 3208 405 3260; x_wconf 93' lang='lat' dir='ltr'><strong>et</strong></span> <span class='ocrx_word' id='word_1_163' title='bbox 420 3193 509 3281; x_wconf 85' lang='lat' dir='ltr'><strong>pius;</strong></span> <span class='ocrx_word' id='word_1_164' title='bbox 534 3193 606 3279; x_wconf 90' lang='lat' dir='ltr'><strong>pius</strong></span> <span class='ocrx_word' id='word_1_165' title='bbox 622 3215 696 3257; x_wconf 84' lang='lat' dir='ltr'><strong>vero</strong></span> <span class='ocrx_word' id='word_1_166' title='bbox 708 3191 803 3257; x_wconf 88' lang='lat' dir='ltr'><strong>fletus</strong></span> <span class='ocrx_word' id='word_1_167' title='bbox 818 3208 850 3259; x_wconf 92' lang='lat' dir='ltr'><strong>et</strong></span> <span class='ocrx_word' id='word_1_168' title='bbox 865 3193 986 3259; x_wconf 87' lang='lat' dir='ltr'><strong>inutilis</strong></span> <span class='ocrx_word' id='word_1_169' title='bbox 997 3194 1034 3259; x_wconf 85' lang='lat' dir='ltr'><strong>fit</strong></span> <span class='ocrx_word' id='word_1_170' title='bbox 1049 3217 1109 3281; x_wconf 93' lang='lat' dir='ltr'><strong>pro</strong></span> <span class='ocrx_word' id='word_1_171' title='bbox 1124 3211 1225 3261; x_wconf 91' lang='lat' dir='ltr'><strong>morte</strong></span> 
     </span>
     <span class='ocr_line' id='line_1_25' title="bbox 270 3295 1226 3386; baseline 0 -24"><span class='ocrx_word' id='word_1_172' title='bbox 270 3311 455 3383; x_wconf 86' lang='lat' dir='ltr'><strong>parentum;</strong></span> <span class='ocrx_word' id='word_1_173' title='bbox 481 3319 538 3360; x_wconf 89' lang='lat' dir='ltr'><strong>nec</strong></span> <span class='ocrx_word' id='word_1_174' title='bbox 557 3295 631 3380; x_wconf 89' lang='lat' dir='ltr'><strong>pius</strong></span> <span class='ocrx_word' id='word_1_175' title='bbox 650 3317 707 3359; x_wconf 90' lang='lat' dir='ltr'><strong>nec</strong></span> <span class='ocrx_word' id='word_1_176' title='bbox 728 3295 826 3371; x_wconf 88' lang='lat' dir='ltr'><strong>utilis,</strong></span> <span class='ocrx_word' id='word_1_177' title='bbox 841 3318 901 3382; x_wconf 95' lang='lat' dir='ltr'><strong>pro</strong></span> <span class='ocrx_word' id='word_1_178' title='bbox 918 3295 1084 3361; x_wconf 87' lang='lat' dir='ltr'><strong>amissione</strong></span> <span class='ocrx_word' id='word_1_179' title='bbox 1105 3310 1226 3386; x_wconf 85' lang='lat' dir='ltr'><strong>tempo·</strong></span> 
     </span>
     <span class='ocr_line' id='line_1_26' title="bbox 270 3399 1225 3488; baseline 0.002 -24"><span class='ocrx_word' id='word_1_180' title='bbox 270 3400 384 3465; x_wconf 90' lang='lat' dir='ltr'><strong>ralium</strong></span> <span class='ocrx_word' id='word_1_181' title='bbox 401 3399 566 3465; x_wconf 88' lang='lat' dir='ltr'><strong>bonorum.</strong></span> <span class='ocrx_word' id='word_1_182' title='bbox 614 3399 666 3463; x_wconf 91' lang='lat' dir='ltr'><strong>De</strong></span> <span class='ocrx_word' id='word_1_183' title='bbox 681 3411 785 3463; x_wconf 89' lang='lat' dir='ltr'><strong>mente</strong></span> <span class='ocrx_word' id='word_1_184' title='bbox 801 3413 909 3464; x_wconf 88' lang='lat' dir='ltr'><strong>autem</strong></span> <span class='ocrx_word' id='word_1_185' title='bbox 924 3412 1041 3480; x_wconf 89' lang='lat' dir='ltr'><strong>erecta,</strong></span> <span class='ocrx_word' id='word_1_186' title='bbox 1056 3423 1133 3488; x_wconf 80' lang='lat' dir='ltr'><strong>quae</strong></span> <span class='ocrx_word' id='word_1_187' title='bbox 1152 3424 1225 3466; x_wconf 90' lang='lat' dir='ltr'><strong>oon-</strong></span> 
     </span>
     <span class='ocr_line' id='line_1_27' title="bbox 271 3499 1226 3589; baseline 0.001 -23"><span class='ocrx_word' id='word_1_188' title='bbox 271 3502 411 3566; x_wconf 84' lang='lat' dir='ltr'><strong>scientiae</strong></span> <span class='ocrx_word' id='word_1_189' title='bbox 427 3501 489 3564; x_wconf 89' lang='lat' dir='ltr'><strong>ima</strong></span> <span class='ocrx_word' id='word_1_190' title='bbox 508 3501 673 3588; x_wconf 80' lang='lat' dir='ltr'><strong>disquirit3</strong></span> <span class='ocrx_word' id='word_1_191' title='bbox 697 3499 852 3589; x_wconf 89' lang='lat' dir='ltr'><strong>sapientia</strong></span> <span class='ocrx_word' id='word_1_192' title='bbox 874 3500 906 3564; x_wconf 92' lang='lat' dir='ltr'><strong>in</strong></span> <span class='ocrx_word' id='word_1_193' title='bbox 929 3500 1055 3588; x_wconf 86' lang='lat' dir='ltr'><strong>tripode</strong></span> <span class='ocrx_word' id='word_1_194' title='bbox 1071 3504 1226 3589; x_wconf 84' lang='lat' dir='ltr'><strong>Apollinis</strong></span> 
     </span>
     <span class='ocr_line' id='line_1_28' title="bbox 269 3601 495 3668; baseline -0.009 0"><span class='ocrx_word' id='word_1_195' title='bbox 269 3605 314 3668; x_wconf 89' lang='lat' dir='ltr'><strong>sic</strong></span> <span class='ocrx_word' id='word_1_196' title='bbox 329 3601 495 3667; x_wconf 86' lang='lat' dir='ltr'><strong>describit:</strong></span> 
     </span>
    </p>

    <p class='ocr_par' dir='ltr' id='par_1_4' title="bbox 322 3711 1161 3784">
     <span class='ocr_line' id='line_1_29' title="bbox 322 3711 1161 3784; baseline 0.002 -20"><span class='ocrx_word' id='word_1_197' title='bbox 322 3711 438 3764; x_wconf 84' lang='lat' dir='ltr'><strong>Verbum</strong></span> <span class='ocrx_word' id='word_1_198' title='bbox 450 3711 483 3763; x_wconf 88' lang='lat' dir='ltr'><strong>do</strong></span> <span class='ocrx_word' id='word_1_199' title='bbox 495 3712 561 3764; x_wconf 76' lang='lat' dir='ltr'><strong>cralo</strong></span> <span class='ocrx_word' id='word_1_200' title='bbox 573 3713 708 3765; x_wconf 73' lang='lat' dir='ltr'><strong>descendit</strong></span> <span class='ocrx_word' id='word_1_201' title='bbox 718 3714 788 3766; x_wconf 90' lang='lat' dir='ltr'><strong>notis</strong></span> <span class='ocrx_word' id='word_1_202' title='bbox 800 3712 893 3782; x_wconf 78' lang='lat' dir='ltr'><strong>elytos,</strong></span> <span class='ocrx_word' id='word_1_203' title='bbox 906 3712 1012 3782; x_wconf 75' lang='lat' dir='ltr'><strong>[gnothi</strong></span> <span class='ocrx_word' id='word_1_204' title='bbox 1026 3715 1161 3784; x_wconf 82' lang='lat' dir='ltr'><strong>seautonl,</strong></span> 
     </span>
    </p>

    <p class='ocr_par' dir='ltr' id='par_1_5' title="bbox 267 3807 1225 4506">
     <span class='ocr_line' id='line_1_30' title="bbox 269 3807 1224 3897; baseline 0 -23"><span class='ocrx_word' id='word_1_205' title='bbox 269 3808 302 3874; x_wconf 93' lang='lat' dir='ltr'><strong>id</strong></span> <span class='ocrx_word' id='word_1_206' title='bbox 333 3820 392 3883; x_wconf 88' lang='lat' dir='ltr'><strong>est,</strong></span> <span class='ocrx_word' id='word_1_207' title='bbox 418 3828 511 3869; x_wconf 87' lang='lat' dir='ltr'><strong>nosce</strong></span> <span class='ocrx_word' id='word_1_208' title='bbox 538 3821 570 3870; x_wconf 88' lang='lat' dir='ltr'><strong>te</strong></span> <span class='ocrx_word' id='word_1_209' title='bbox 596 3807 712 3893; x_wconf 90' lang='lat' dir='ltr'><strong>ipsum.</strong></span> <span class='ocrx_word' id='word_1_210' title='bbox 757 3809 874 3895; x_wconf 86' lang='lat' dir='ltr'><strong>Tripos</strong></span> <span class='ocrx_word' id='word_1_211' title='bbox 905 3808 1079 3893; x_wconf 88' lang='lat' dir='ltr'><strong>Apollinis:</strong></span> <span class='ocrx_word' id='word_1_212' title='bbox 1107 3809 1224 3897; x_wconf 84' lang='lat' dir='ltr'><strong>triplex</strong></span> 
     </span>
     <span class='ocr_line' id='line_1_31' title="bbox 270 3906 1224 4000; baseline -0.002 -23"><span class='ocrx_word' id='word_1_213' title='bbox 270 3908 433 4000; x_wconf 85' lang='lat' dir='ltr'><strong>sapientiae</strong></span> <span class='ocrx_word' id='word_1_214' title='bbox 452 3906 641 3981; x_wconf 89' lang='lat' dir='ltr'><strong>intellectus,</strong></span> <span class='ocrx_word' id='word_1_215' title='bbox 659 3908 840 3985; x_wconf 82' lang='lat' dir='ltr'><strong>historialis,</strong></span> <span class='ocrx_word' id='word_1_216' title='bbox 856 3909 1020 3996; x_wconf 87' lang='lat' dir='ltr'><strong>mysticus,</strong></span> <span class='ocrx_word' id='word_1_217' title='bbox 1034 3923 1067 3974; x_wconf 89' lang='lat' dir='ltr'><strong>et</strong></span> <span class='ocrx_word' id='word_1_218' title='bbox 1088 3912 1224 3976; x_wconf 89' lang='lat' dir='ltr'><strong>moralis.</strong></span> 
     </span>
     <span class='ocr_line' id='line_1_32' title="bbox 270 4009 1223 4086; baseline 0 -7"><span class='ocrx_word' id='word_1_219' title='bbox 270 4019 331 4082; x_wconf 90' lang='lat' dir='ltr'><strong>Per</strong></span> <span class='ocrx_word' id='word_1_220' title='bbox 347 4009 538 4076; x_wconf 90' lang='lat' dir='ltr'><strong>historialem</strong></span> <span class='ocrx_word' id='word_1_221' title='bbox 563 4010 658 4073; x_wconf 90' lang='lat' dir='ltr'><strong>bomo</strong></span> <span class='ocrx_word' id='word_1_222' title='bbox 672 4011 810 4076; x_wconf 88' lang='lat' dir='ltr'><strong>exterior</strong></span> <span class='ocrx_word' id='word_1_223' title='bbox 825 4011 968 4076; x_wconf 85' lang='lat' dir='ltr'><strong>interiori</strong></span> <span class='ocrx_word' id='word_1_224' title='bbox 982 4011 1223 4086; x_wconf 68' lang='lat' dir='ltr'><strong>condescenditz</strong></span> 
     </span>
     <span class='ocr_line' id='line_1_33' title="bbox 268 4111 1224 4205; baseline -0.002 -23"><span class='ocrx_word' id='word_1_225' title='bbox 268 4141 326 4205; x_wconf 91' lang='lat' dir='ltr'><strong>per</strong></span> <span class='ocrx_word' id='word_1_226' title='bbox 351 4113 520 4202; x_wconf 85' lang='lat' dir='ltr'><strong>mysticum</strong></span> <span class='ocrx_word' id='word_1_227' title='bbox 546 4113 642 4177; x_wconf 91' lang='lat' dir='ltr'><strong>bomo</strong></span> <span class='ocrx_word' id='word_1_228' title='bbox 663 4113 795 4178; x_wconf 87' lang='lat' dir='ltr'><strong>interior</strong></span> <span class='ocrx_word' id='word_1_229' title='bbox 817 4127 937 4179; x_wconf 88' lang='lat' dir='ltr'><strong>secreta</strong></span> <span class='ocrx_word' id='word_1_230' title='bbox 962 4111 1077 4192; x_wconf 86' lang='lat' dir='ltr'><strong>cordia,</strong></span> <span class='ocrx_word' id='word_1_231' title='bbox 1101 4112 1135 4178; x_wconf 94' lang='lat' dir='ltr'><strong>id</strong></span> <span class='ocrx_word' id='word_1_232' title='bbox 1162 4129 1224 4194; x_wconf 89' lang='lat' dir='ltr'><strong>est,</strong></span> 
     </span>
     <span class='ocr_line' id='line_1_34' title="bbox 267 4214 1225 4298; baseline -0.005 -13"><span class='ocrx_word' id='word_1_233' title='bbox 267 4232 405 4285; x_wconf 89' lang='lat' dir='ltr'><strong>mentem</strong></span> <span class='ocrx_word' id='word_1_234' title='bbox 432 4229 463 4280; x_wconf 91' lang='lat' dir='ltr'><strong>et</strong></span> <span class='ocrx_word' id='word_1_235' title='bbox 488 4214 711 4281; x_wconf 86' lang='lat' dir='ltr'><strong>conscientiam</strong></span> <span class='ocrx_word' id='word_1_236' title='bbox 737 4228 899 4281; x_wconf 84' lang='lat' dir='ltr'><strong>scrutatur</strong></span> <span class='ocrx_word' id='word_1_237' title='bbox 923 4229 955 4281; x_wconf 91' lang='lat' dir='ltr'><strong>et</strong></span> <span class='ocrx_word' id='word_1_238' title='bbox 982 4214 1134 4289; x_wconf 82' lang='lat' dir='ltr'><strong>discutit;</strong></span> <span class='ocrx_word' id='word_1_239' title='bbox 1167 4238 1225 4298; x_wconf 88' lang='lat' dir='ltr'><strong>per</strong></span> 
     </span>
     <span class='ocr_line' id='line_1_35' title="bbox 267 4315 1224 4404; baseline -0.003 -19"><span class='ocrx_word' id='word_1_240' title='bbox 267 4320 428 4400; x_wconf 86' lang='lat' dir='ltr'><strong>moralem,</strong></span> <span class='ocrx_word' id='word_1_241' title='bbox 444 4317 529 4383; x_wconf 91' lang='lat' dir='ltr'><strong>unde</strong></span> <span class='ocrx_word' id='word_1_242' title='bbox 551 4318 603 4389; x_wconf 84' lang='lat' dir='ltr'><strong>sit,</strong></span> <span class='ocrx_word' id='word_1_243' title='bbox 625 4316 715 4402; x_wconf 92' lang='lat' dir='ltr'><strong>quid,</strong></span> <span class='ocrx_word' id='word_1_244' title='bbox 730 4329 764 4382; x_wconf 87' lang='lat' dir='ltr'><strong>et</strong></span> <span class='ocrx_word' id='word_1_245' title='bbox 786 4315 828 4381; x_wconf 91' lang='lat' dir='ltr'><strong>ad</strong></span> <span class='ocrx_word' id='word_1_246' title='bbox 847 4317 937 4404; x_wconf 89' lang='lat' dir='ltr'><strong>quid,</strong></span> <span class='ocrx_word' id='word_1_247' title='bbox 953 4316 1112 4402; x_wconf 78' lang='lat' dir='ltr'><strong>agnoscit:</strong></span> <span class='ocrx_word' id='word_1_248' title='bbox 1138 4317 1224 4383; x_wconf 89' lang='lat' dir='ltr'><strong>unde</strong></span> 
     </span>
     <span class='ocr_line' id='line_1_36' title="bbox 268 4416 1223 4506; baseline 0.002 -23"><span class='ocrx_word' id='word_1_249' title='bbox 268 4423 321 4500; x_wconf 87' lang='lat' dir='ltr'><strong>sit,</strong></span> <span class='ocrx_word' id='word_1_250' title='bbox 336 4445 375 4485; x_wconf 88' lang='lat' dir='ltr'><strong>ex</strong></span> <span class='ocrx_word' id='word_1_251' title='bbox 392 4421 523 4485; x_wconf 88' lang='lat' dir='ltr'><strong>materia</strong></span> <span class='ocrx_word' id='word_1_252' title='bbox 537 4416 641 4506; x_wconf 79' lang='lat' dir='ltr'><strong>figuli,</strong></span> <span class='ocrx_word' id='word_1_253' title='bbox 656 4417 689 4483; x_wconf 90' lang='lat' dir='ltr'><strong>id</strong></span> <span class='ocrx_word' id='word_1_254' title='bbox 705 4434 765 4497; x_wconf 91' lang='lat' dir='ltr'><strong>est,</strong></span> <span class='ocrx_word' id='word_1_255' title='bbox 782 4442 821 4483; x_wconf 87' lang='lat' dir='ltr'><strong>ex</strong></span> <span class='ocrx_word' id='word_1_256' title='bbox 840 4418 917 4483; x_wconf 92' lang='lat' dir='ltr'><strong>limo</strong></span> <span class='ocrx_word' id='word_1_257' title='bbox 935 4433 1048 4483; x_wconf 75' lang='lat' dir='ltr'><strong>tenea:</strong></span> <span class='ocrx_word' id='word_1_258' title='bbox 1075 4420 1158 4504; x_wconf 92' lang='lat' dir='ltr'><strong>quid</strong></span> <span class='ocrx_word' id='word_1_259' title='bbox 1185 4421 1223 4498; x_wconf 88' lang='lat' dir='ltr'><strong>it,</strong></span> 
     </span>
    </p>
   </div>
   <div class='ocr_carea' id='block_1_3' title="bbox 0 0 1500 5592">
    <p class='ocr_par' dir='ltr' id='par_1_6' title="bbox 0 0 1500 5592">
     <span class='ocr_line' id='line_1_37' title="bbox 0 0 1500 5592; baseline 0 1"><span class='ocrx_word' id='word_1_260' title='bbox 0 0 1500 5592; x_wconf 95' lang='lat' dir='ltr'><strong> </strong></span> 
     </span>
    </p>
   </div>
  </div>
 </body>
</html>
