2992 5592
282 831 342 875 car.
358 810 477 890 xv111.]
637 830 878 878 uarrcoorcus.
1187 828 1228 884 tr

279 979 307 1042 in
333 992 446 1044 nostro
484 991 616 1043 utamur
650 981 788 1066 eloquio,
818 1005 879 1045 non
916 984 1140 1062 barbarismus,
1171 989 1225 1052 sed

281 1079 496 1145 barbarolexis
516 1094 574 1144 cst.
619 1084 821 1147 Solaciamua
841 1098 949 1148 autam
975 1096 1033 1163 est,
1055 1090 1227 1174 corruptio

278 1202 338 1245 aon
355 1184 490 1264 ‹1qu
511 1183 670 1258 dictionis,
691 1183 745 1247 sed
764 1175 1024 1253 wmuuctionis:
1047 1213 1148 1274 quum
1168 1193 1224 1256 ad·

279 1305 383 1347 versus
403 1283 509 1368 legem
531 1284 746 1363 construendi,
767 1286 1016 1373 incompetenter
1036 1290 1133 1354 verba
1150 1293 1225 1376 jun-

277 1401 401 1468 gantur.
449 1384 507 1448 Fit
522 1397 628 1447 autem
651 1385 836 1471 dupliciter:
860 1401 916 1453 aut
931 1411 989 1473 per
1004 1405 1111 1475 partes
1125 1393 1225 1478 ipsius

276 1485 436 1565 orationis,
463 1497 521 1548 aut
551 1507 609 1571 per
634 1487 810 1550 accidentia
832 1489 982 1571 partium.
1032 1494 1094 1553 Per
1120 1506 1225 1574 partes

277 1585 416 1671 quidem,
438 1598 475 1650 ut
498 1586 524 1649 si
547 1590 683 1651 alteram
705 1592 778 1669 quis
797 1602 907 1672 ponat,
930 1611 987 1674 pro
1005 1593 1119 1665 altero,
1133 1605 1225 1675 puta,

277 1686 533 1771 praepositionem
554 1709 614 1770 pro
633 1687 801 1760 adverbio;
828 1689 876 1750 vel
892 1702 1049 1753 econtra:
1073 1705 1130 1754 aut
1146 1692 1171 1754 si
1192 1692 1224 1754 in

275 1787 383 1851 eadem
400 1800 503 1870 parte,
518 1808 619 1870 genus
641 1810 741 1851 unum
763 1789 934 1852 verborum
956 1790 1028 1875 quis
1047 1812 1106 1876 pro
1125 1791 1225 1856 altero

276 1903 384 1973 ponat,
397 1902 489 1975 puta,
503 1890 651 1954 secundas
662 1889 865 1968 inventionis,
877 1914 936 1977 pro
950 1914 998 1972 eo,
1010 1892 1097 1976 quod
1113 1897 1224 1980 prima

275 2014 340 2056 asae
367 1992 522 2077 oportuit.
575 1993 637 2055 Per
662 1992 840 2057 accidentia
865 2016 951 2074 vero,
976 2009 1012 2060 ut
1037 2019 1094 2081 per
1124 1998 1224 2084 quali-

275 2104 365 2171 tates,
387 2116 517 2178 genera,
541 2115 643 2170 casus,
667 2115 826 2174 numeros,
845 2109 878 2160 et
897 2097 1025 2180 figuras.
1072 2099 1223 2166 Similiter

274 2208 304 2258 ct
330 2195 361 2257 in
390 2206 493 2266 metro
519 2197 745 2279 metaplasmus
771 2196 938 2281 reperitur,
962 2198 1017 2283 qui
1042 2198 1080 2262 fit
1104 2200 1136 2263 in
1160 2223 1223 2265 uno

274 2297 371 2360 verbo
397 2295 544 2361 licentius
567 2310 700 2380 urgente
727 2298 818 2362 metri
839 2302 918 2380 lege,
945 2301 1028 2365 sicut
1050 2314 1083 2364 et
1109 2302 1224 2365 barba·

275 2399 397 2474 namus,
413 2397 506 2462 unius
521 2397 669 2462 dictionis
684 2412 730 2464 est
746 2398 778 2462 in
800 2398 903 2464 soluto
917 2400 1051 2486 eloquio.
1096 2403 1222 2468 Dicitur

273 2515 378 2564 autem
401 2502 642 2583 metaplasmus,
666 2500 755 2585 quasi
779 2500 1024 2578 transformatio,
1046 2502 1097 2567 val
1119 2504 1224 2567 desor-

272 2602 382 2675 matio,
407 2623 446 2662 eo
472 2599 558 2685 quod
584 2601 672 2685 quasi
697 2623 717 2663 a
741 2603 815 2686 jure
841 2625 898 2665 sno
923 2602 1094 2666 dictionem
1114 2616 1222 2671 ,trans-

271 2701 400 2776 format‚
427 2712 483 2765 ant
510 2699 677 2764 deformat.
732 2702 815 2765 Sunt
840 2703 917 2765 item
945 2702 1123 2779 schemata,
1150 2726 1222 2787 quae

261 2806 385 2885 figuret
412 2803 673 2886 interpretantur,
697 2802 727 2864 in
755 2803 872 2879 verbis,
900 2815 955 2866 aut
981 2804 1013 2866 in
1040 2803 1220 2868 sententiis:

272 2903 418 2990 fiuntque
447 2925 505 2989 per
534 2902 635 2965 varias
669 2902 844 2967 dictionum
875 2903 1004 2980 formas,
1034 2906 1079 2967 ud
1106 2908 1223 2987 eloquii

273 3013 482 3068 venustatem.
518 3007 609 3087 Ergo
625 3005 865 3078 Barbariamua,
881 3019 914 3068 et
930 3006 1177 3085 Metaplosmua‚
1189 3008 1222 3069 in

275 3105 382 3167 verbis
396 3103 527 3187 singulis
541 3103 844 3188 deprehenduntur;
869 3107 1076 3177 aoloecismus,
1092 3115 1124 3165 et
1138 3104 1224 3168 sche-

275 3218 376 3278 mata,
399 3225 462 3266 non
483 3204 514 3267 in
537 3203 683 3290 singulis,
706 3201 815 3266 sedin
838 3201 979 3288 plurium
1003 3202 1223 3286 conjunctione

275 3307 368 3370 fiunt.
413 3305 514 3382 Quum
535 3318 640 3370 autem
663 3307 725 3368 tria
745 3306 819 3383 sint,
832 3325 895 3378 ars,
911 3301 1037 3379 vitium,
1051 3314 1084 3366 et
1099 3303 1220 3389 figura:

274 3406 420 3470 notitiam
432 3406 627 3492 singulorum
639 3428 765 3470 necesse
779 3419 828 3470 est
842 3404 959 3472 habere
969 3409 1221 3488 grammaticum.

273 3507 423 3592 Alioquin
445 3530 503 3572 nec
524 3520 593 3571 arta
615 3510 748 3584 muniri,
768 3529 826 3570 nec
841 3506 955 3570 vitium
977 3504 1145 3585 declinare,
1165 3530 1222 3572 nec

272 3617 450 3671 venustates
470 3620 633 3671 anctorum
654 3606 747 3670 facile
768 3608 888 3694 poterit
908 3606 1038 3670 imitari.
1085 3608 1219 3684 Quodsi

270 3728 378 3773 eorum
405 3709 549 3792 ignarus,
575 3721 660 3771 recte
686 3707 808 3783 scribit,
835 3720 891 3772 aut
917 3706 1072 3792 loquitur,
1097 3709 1221 3794 peritia}

268 3811 336 3896 ejus
358 3811 604 3873 adscribendum
626 3822 768 3881 nonest,
791 3831 828 3871 eo
851 3807 936 3893 quod
960 3831 1051 3873 casus
1070 3810 1137 3894 agit
1157 3815 1220 3875 oir-

269 3917 347 3978 tutr's
361 3935 454 3998 opus.
499 3915 561 3975 Ars
575 3911 682 3995 itaque
702 3924 750 3973 est
771 3915 866 3992 quari
880 3918 984 3974 struto
996 3914 1141 3993 publico,
1158 3936 1221 3996 qua

268 4018 323 4095 ire,
337 4012 515 4090 ambulare,
529 4026 560 4074 et
582 4033 686 4096 agere,
701 4010 767 4073 sine
783 4009 950 4087 calumnia,
966 4025 998 4074 et
1018 4013 1221 4075 concussione

268 4115 418 4179 omnibus
440 4114 498 4198 jus
523 4125 580 4175 est.
627 4111 746 4175 Vitium
770 4124 819 4174 est
844 4109 991 4174 omnibus
1015 4111 1158 4182 devium,
1183 4125 1219 4171 ut

268 4216 322 4299 qui
351 4215 385 4277 in
417 4235 456 4275 eo
481 4211 554 4287 iter,
581 4220 725 4275 actumve
755 4222 891 4288 exercet,
921 4217 981 4271 cut
1005 4207 1219 4292 praecipitium

267 4313 393 4387 subeat,
414 4321 474 4374 aut
495 4309 681 4374 calumniam
705 4323 736 4373 et
759 4311 995 4372 concussionem
1019 4300 1220 4384 interpellan-

266 4412 344 4477 tium
362 4415 518 4499 patiatnr.
551 4411 673 4494 Figura
687 4432 773 4486 vero,
789 4408 928 4471 medium
945 4416 1030 4469 tenet
1046 4402 1164 4466 locum:
1187 4418 1218 4468 et
