2992 5592
396 801 434 860 lt
665 817 801 862 massis
817 816 1095 863 sanusnamnssrs
1230 802 1313 882 [nm.
1330 821 1350 867 1.

451 1035 530 1120 Cap.
547 1037 577 1098 2.
603 1039 783 1119 Descriptio
795 1058 944 1120 pcraonae
959 1061 1128 1123 suppresso
1144 1045 1284 1106 nomine.

437 1169 541 1236 lason
571 1193 646 1236 vero
675 1171 808 1256 vulgato
841 1173 1036 1256 designarem
1067 1197 1106 1237 ex
1141 1175 1278 1252 nomine,
1308 1192 1349 1255 et,

391 1284 547 1337 tumorem
564 1272 696 1350 ventris,
712 1285 744 1337 et
759 1276 894 1349 mentiar
921 1277 986 1339 oris
1001 1276 1248 1362 impudicitiam,
1263 1302 1350 1366 rapa-

389 1372 517 1437 citatem
533 1395 699 1449 manuum‚
714 1387 824 1458 gestus
839 1374 1012 1452 levitatem,
1028 1375 1206 1441 foeditatem
1224 1398 1347 1443 morum

390 1477 485 1559 (quos
511 1487 579 1540 tota
604 1475 719 1539 vicinia
745 1475 901 1560 despuit,)
929 1476 1168 1541 obscoenitatem
1198 1477 1349 1558 libidinis,

389 1575 624 1642 deformitatem
645 1578 800 1663 corporis,
823 1579 1055 1663 turpitudinem
1081 1580 1167 1658 vitae,
1188 1582 1347 1647 maculam

388 1676 492 1753 lamoe,
515 1678 653 1764 publicis
674 1677 856 1764 aspectibus
878 1678 1024 1765 ingerens
1046 1679 1263 1759 denudarem3
1289 1683 1346 1748 nisi

388 1803 439 1844 me
460 1780 634 1847 Christiani
654 1782 791 1845 nominis
809 1782 984 1848 reverentia
1004 1781 1177 1848 cohiberet.
1222 1788 1347 1850 Memor

389 1886 472 1948 enim
496 1881 699 1969 professionis
718 1902 809 1956 mem,
825 1895 857 1944 et
879 1881 1041 1959 fraterna,
1060 1905 1135 1970 quae
1152 1886 1184 1948 in
1206 1888 1347 1952 Domino

387 1999 448 2060 est,
461 1981 702 2059 communionis,
717 1979 948 2064 indulgendum
965 2006 1032 2047 esse
1052 2005 1198 2069 personae
1214 1987 1345 2063 credidi,

387 2083 465 2148 dnm
497 2096 601 2146 tamen
631 2104 693 2145 non
723 2080 932 2166 indulgeatur
960 2086 1070 2149 errori.
1121 2087 1243 2151 Deiero
1271 2111 1346 2174 ergo

388 2189 469 2261 Deo,
484 2207 616 2272 parcens
636 2197 775 2264 naturoe,
789 2208 863 2270 quae
877 2186 919 2250 ab
939 2187 1010 2272 ipso
1025 2200 1085 2264 est,
1101 2201 1134 2252 et
1155 2191 1345 2275 impugnans

386 2287 514 2365 vitium,
536 2287 625 2371 quod
646 2299 758 2350 contra
779 2286 884 2372 ipsum
907 2299 974 2359 est;
1006 2286 1084 2351 dum
1108 2303 1255 2356 naturam
1278 2315 1345 2356 cor-

386 2389 518 2476 rumpit,
545 2411 641 2475 quam
667 2387 720 2451 ille
741 2387 916 2472 generavit.
968 2389 1093 2474 Utique
1118 2413 1177 2475 par
1203 2405 1251 2456 est
1278 2395 1344 2459 sine

385 2490 590 2576 derogatione
604 2510 758 2576 personae,
772 2487 959 2552 sententiam
976 2487 1157 2575 impugnari
1169 2515 1178 2564 3
1203 2492 1344 2581 nihilque

385 2593 524 2681 turpius,
545 2614 642 2677 quam
667 2614 768 2677 quum
793 2591 950 2654 sententia
971 2589 1129 2674 displicet,
1144 2606 1200 2657 aut
1224 2594 1341 2680 opinio,

385 2697 496 2761 rodere
512 2719 625 2761 nomen
637 2695 792 2759 auctoris:
817 2694 910 2780 longe
925 2694 1057 2779 quidem
1072 2696 1270 2781 probabilius
1284 2713 1341 2776 est,

384 2811 421 2863 ut
435 2797 577 2883 opinioni
588 2796 690 2876 falsae,
702 2807 862 2880 quatenus
877 2808 982 2861 tamen
994 2819 1082 2860 error
1097 2797 1272 2864 tolerabilis
1283 2812 1340 2879 est,

382 2911 533 2987 parcatur
544 2897 705 2963 interdum
718 2913 851 2984 propter
861 2897 1033 2976 hominem,
1047 2921 1144 2984 quam
1162 2913 1197 2965 ut
1209 2917 1342 2988 propter

381 3000 560 3088 opinionem
578 2998 673 3063 homo
686 3012 848 3086 carpatur.
894 2998 1030 3084 Singula
1045 2999 1111 3063 suis
1132 3011 1208 3065 sunt
1222 3003 1341 3067 exami-

381 3102 486 3167 nanda
511 3100 647 3179 indiciis,
672 3113 705 3165 et
735 3101 825 3186 paria
854 3099 975 3164 meritis
1002 3112 1078 3163 sunt
1108 3100 1240 3185 praemia
1266 3125 1340 3166 con-

381 3204 529 3270 ferenda:
553 3203 598 3269 ita
613 3215 730 3280 tamen,
743 3215 781 3267 ut
792 3201 928 3289 rigorem
941 3201 1154 3266 mansuetudo
1165 3202 1339 3269 clementia

379 3305 494 3371 vincat.
527 3309 609 3370 Hanc
623 3307 735 3392 itaque
746 3302 1022 3388 contemplatione,
1036 3304 1197 3388 suppressi
1213 3305 1336 3391 vulgati

378 3406 515 3470 nominis
530 3416 655 3469 notam:
683 3428 723 3468 ne
737 3428 800 3469 non
816 3417 880 3469 tam
897 3404 1011 3468 erroris
1029 3404 1138 3468 videar
1152 3428 1337 3489 procurasse

377 3506 545 3583 medelam,
561 3528 657 3591 quam
679 3505 833 3569 infensam
855 3505 1042 3591 deturpasse
1066 3529 1244 3593 personam.
1289 3510 1335 3574 Ut

376 3621 484 3674 autem
511 3629 621 3671 verum
644 3607 758 3684 fatear,
784 3607 863 3671 nihil
889 3621 937 3672 est
963 3609 1069 3673 minus
1091 3632 1223 3674 verum:
1259 3611 1336 3698 quia

376 3724 535 3798 quatenus
551 3709 733 3777 Christiano
754 3710 875 3775 licitum
898 3726 957 3788 est,
974 3733 1138 3798 personam
1162 3726 1195 3776 et
1214 3727 1337 3778 senten·

375 3813 452 3878 tiam
478 3835 571 3898 aeque
596 3826 772 3877 contemno.
819 3814 867 3879 Ut
887 3813 966 3878 libet
992 3837 1070 3898 ergo
1091 3812 1145 3878 ille
1167 3827 1281 3880 stertat
1304 3816 1333 3879 in

374 3915 444 3980 dies
478 3913 610 3993 medios,
639 3913 835 3999 quotidianis
867 3914 1191 3979 conviscerationibus
1225 3917 1334 4002 ingur-

373 4018 495 4104 gitetur
510 4015 550 4080 ad
566 4016 746 4102 crapulam:
770 4030 803 4081 et
818 4017 849 4079 in
866 4015 928 4079 illis
943 4015 1154 4082 immunditiis
1171 4021 1334 4085 volutatus

373 4119 631 4202 incumbat,quae
642 4139 698 4180 nec
708 4139 840 4202 porcum
850 4115 981 4180 deceant
993 4117 1138 4203 Epicuri.
1171 4120 1332 4184 Caeterum

371 4225 518 4307 opinioni
551 4218 702 4295 reluctor,
732 4243 810 4304 quae
839 4218 958 4282 multos
994 4219 1148 4305 perdidit,
1176 4244 1214 4284 eo
1244 4222 1331 4308 quod

371 4322 540 4410 populum,
567 4320 624 4406 qui
651 4318 710 4384 sibi
740 4320 861 4395 credat,
887 4320 1001 4384 habet:
1037 4335 1068 4385 et
1097 4321 1169 4386 licet
1198 4324 1333 4409 antiquo

373 4446 475 4487 novus
491 4422 681 4489 Cornificius
701 4421 839 4506 ineptior
862 4421 914 4498 sit,
930 4422 957 4484 ei
982 4437 1088 4487 tannen
1114 4425 1209 4489 turba
1224 4426 1332 4511 insipi-
