2992 5592
549 827 768 874 nurnnrrous.
1074 818 1137 876 tot

272 975 304 1039 N
306 998 368 1042 ulte
384 979 453 1043 sine
468 983 656 1063 corporibus
666 981 758 1065 jussa
773 982 911 1045 creantis
925 991 1034 1064 agunt,

185 1074 256 1139 Nec
270 1091 414 1160 pereunt,
429 1082 580 1165 quoniam
595 1083 676 1146 ratio
693 1083 853 1166 virtusque
867 1082 1017 1166 perennia

269 1177 433 1256 Efficiunt,
448 1194 484 1244 ut
499 1182 530 1244 in
547 1182 598 1246 his
613 1195 737 1247 constet
751 1184 857 1265 imago
873 1183 946 1246 Dei.
1071 1185 1136 1248 sto

389 1281 443 1344 De
458 1283 629 1346 Aristotele
644 1288 675 1346 et
690 1282 835 1364 dogmate
847 1281 925 1361 ejua

182 1377 320 1458 Magnus
334 1381 521 1445 Aristoteles
536 1403 716 1446 sermonum
732 1381 877 1466 possidet
892 1394 973 1445 artes

265 1480 312 1542 Et
329 1479 369 1544 de
385 1482 535 1545 virtutum
551 1483 691 1546 eulmine
707 1504 827 1547 nomen
842 1483 948 1557 habet,

179 1579 300 1643 ludicii
315 1583 415 1646 libros
430 1583 596 1667 componit
610 1597 642 1647 et
656 1582 840 1646 inveniendi

266 1684 363 1761 Vera,
375 1683 544 1747 facultates
558 1702 622 1748 tres
636 1685 828 1748 famulantur
843 1684 892 1748 ei:

179 1782 339 1866 Physicus
354 1798 403 1848 est
417 1807 586 1870 moresque
602 1784 707 1863 docet,
723 1785 781 1849 sed
794 1786 902 1868 logica
915 1788 1011 1853 servit
1069 1792 1133 1854 8⁶25

265 1886 399 1948 Auctori
413 1908 538 1971 semper
552 1888 696 1951 officiosa
710 1909 780 1950 suo.

178 1986 261 2049 Haec
278 1987 323 2049 illi
339 2010 456 2052 nomeu
473 1991 636 2073 proprium
651 1988 730 2053 facit
744 2009 826 2067 esse,
840 1987 928 2074 quod
943 1990 1019 2054 olim

264 2090 373 2154 Donat
386 2092 520 2155 amatori
535 2113 625 2157 saera
640 2089 763 2176 Sophia
778 2113 856 2169 su05

178 2192 262 2253 Nam
278 2193 332 2276 qui
348 2194 511 2276 praecellit,
528 2195 609 2258 tituli
625 2195 806 2258 communis
822 2194 974 2259 honorem

264 2296 434 2374 Vindicat3
456 2297 518 2361 hoc
535 2297 710 2383 ferturjure
725 2310 821 2382 poeta
834 2299 939 2363 Maro.
1066 2305 1130 2365 880

461 2401 514 2463 De
527 2420 632 2464 errore
648 2401 838 2464 Aristotelia.

178 2495 243 2560 Sed
258 2509 362 2563 tamen
377 2503 502 2582 erravit,
516 2502 591 2567 dum
606 2504 792 2568 sublunaria
806 2525 883 2567 caru

263 2599 407 2668 Credidit
422 2617 453 2667 et
468 2605 538 2668 fatis
553 2606 702 2669 ulteriora
717 2607 794 2687 geri.

177 2699 251 2763 Non
268 2715 316 2767 eat
330 2707 449 2770 arbitrii
464 2708 594 2771 libertae
611 2726 684 2769 vera
698 2708 825 2784 creatis,

261 2805 364 2878 Quam
381 2810 484 2872 solum
499 2810 593 2892 plene
609 2808 691 2871 dicit
704 2807 821 2871 habero
837 2809 954 2872 Deum.

176 2906 341 2993 Quicquid
355 2913 431 2973 luna
446 2911 572 2992 premit,
588 2930 630 2972 ex
646 2919 785 2992 quatuor
799 2920 848 2971 eet
862 2911 1038 2984 elementia,
1064 2917 1127 2977 885

260 3011 306 3073 Et
320 3034 393 3095 quae
408 3010 648 3089 transcendunt,
663 3010 859 3094 simpliciora
873 3022 975 3095 putat.

175 3112 299 3194 lllaque
315 3127 469 3196 perpetua
484 3113 597 3176 definit
611 3133 691 3196 pace
707 3111 824 3192 vigere,

260 3215 341 3287 Quae
357 3235 454 3297 snpra
467 3217 568 3278 solem
584 3214 724 3278 circulus
738 3213 823 3277 altus
837 3214 945 3277 habet.

173 3314 248 3378 Non
264 3316 310 3378 ibi
326 3316 529 3379 committunt
543 3314 675 3399 aliquod
689 3315 846 3378 contraria
860 3315 992 3394 bollum,

259 3419 344 3480 Nam
359 3418 530 3501 tranquilla
544 3418 635 3502 quies
649 3417 800 3482 ulteriora
812 3417 909 3481 fovet.
1062 3425 1126 3486 sto

365 3520 459 3593 Quod
472 3521 590 3582 anieno
605 3520 646 3582 de
659 3519 775 3601 quinto
790 3519 939 3584 terentio.

173 3624 219 3685 Ut
235 3623 350 3686 fierent
365 3623 490 3700 animm,
505 3622 684 3686 substantia
697 3622 811 3707 quinta
825 3632 960 3701 creatur,

257 3726 308 3789 De
324 3747 388 3810 qua
402 3725 542 3807 signiferi
558 3736 682 3789 constat
696 3725 786 3806 origo
800 3725 877 3809 poli.

172 3829 232 3891 llla
248 3829 412 3892 beatomm
428 3826 531 3905 sedeo,
546 3827 617 3891 hoec
634 3827 709 3890 aula
722 3827 877 3906 Deorum,

257 3932 340 3996 Nam
356 3931 459 4012 magis
473 3942 548 4016 apta
564 3931 646 4008 Deo,
661 3950 735 4013 quae
749 3929 904 4012 gravitme
918 3943 1037 3995 carent.

171 4035 334 4097 AEtemum
351 4033 505 4098 mundum
520 4033 632 4097 statuit
645 4044 837 4117 tempusque
853 4052 1008 4108 coaevum,
1061 4037 1124 4096 845

258 4138 383 4221 Hisque
398 4151 575 4201 coaeternus
589 4134 707 4199 dicitur
722 4155 792 4196 ease
807 4134 909 4196 loeus.

173 4238 291 4322 Nilque
306 4240 407 4322 perire
422 4239 528 4312 docet,
545 4237 601 4302 aed
616 4237 650 4299 in
666 4237 776 4299 orbem
792 4246 910 4297 cuncta
924 4233 1018 4296 rotari

257 4343 302 4404 Et
316 4345 388 4407 loca
404 4342 600 4425 temporibus
616 4338 769 4421 quaelibet
784 4348 860 4416 apta
872 4333 949 4396 auia.
1035 4359 1047 4379 .
