2992 5592
387 807 448 864 244
644 817 781 863 romnus
798 816 1077 862 sunnssunrsnsu

385 969 514 1035 Proficit
528 992 605 1054 ergo
619 969 726 1032 minus
742 971 789 1034 uti
807 989 951 1032 sermone
968 967 1095 1044 Latino,

472 1072 575 1146 Quam
592 1069 617 1133 si
632 1068 804 1153 contigerit
820 1069 918 1133 verba
933 1067 1072 1131 rotunda
1088 1067 1196 1154 loqui;

385 1171 573 1234 Sudandum
589 1169 683 1234 nimis
697 1181 757 1243 est,
775 1181 811 1233 ut
826 1169 937 1253 lingua
953 1169 1068 1232 narina
1084 1170 1215 1249 sciatur,

473 1274 610 1358 Absque
624 1271 733 1336 labore
749 1268 807 1335 tibi
824 1291 928 1334 senno
943 1270 1102 1334 rotundus
1117 1272 1189 1335 erit.
1286 1280 1346 1338 160

386 1375 545 1439 insistunt
560 1372 686 1447 studiis,
702 1371 780 1436 artis
796 1370 948 1453 suffragia
963 1384 1126 1456 quaerunt,

472 1478 614 1552 Quorum
632 1470 783 1538 subsidiis
797 1471 909 1559 lingua
926 1492 1057 1537 venusta
1074 1474 1187 1560 placet

384 1576 446 1640 Est
461 1576 562 1662 igitur
577 1574 677 1638 satius
691 1574 819 1656 linguas
834 1572 1040 1647 confundere,
1057 1596 1155 1660 quern
1172 1577 1218 1639 sic

472 1676 640 1762 Temporis
656 1687 754 1762 atque
769 1675 813 1737 rei
829 1674 946 1739 demna
961 1674 1068 1739 subire
1083 1675 1190 1741 simul.

386 1785 468 1847 Haec
482 1779 540 1856 illi,
556 1777 610 1842 sed
627 1790 661 1842 tu
678 1799 753 1863 quae
769 1776 831 1840 sint
846 1780 1001 1841 elementa
1015 1777 1134 1841 sciendi
1286 1787 1346 1844 165

473 1884 518 1947 Et
533 1882 613 1946 bene
628 1879 766 1958 dicendi,
781 1880 842 1944 sub
856 1879 1013 1959 brevitate
1029 1881 1120 1944 refer.

623 1986 708 2058 Quae
722 1985 889 2066 conserant
903 1985 1106 2064 sapientiam.

387 2086 512 2173 Ingenii
529 2098 642 2149 natura
659 2096 771 2170 potens
785 2082 849 2147 cito
863 2082 1002 2170 possidet
1018 2105 1126 2147 omnes

473 2187 580 2264 Artes,
596 2183 621 2247 si
637 2185 734 2248 fuerit
750 2185 812 2248 iste
827 2183 955 2270 sequela
971 2206 1088 2247 comes:

382 2287 524 2351 Auditus
539 2285 639 2361 verbi,
657 2284 811 2349 librorum
829 2284 934 2365 lectio,
949 2284 1057 2349 sollers

470 2390 567 2463 Cure,
582 2386 675 2472 quies
690 2384 807 2450 studiis
823 2400 910 2473 epta,
925 2386 1030 2452 fidelis
1045 2410 1133 2451 amor
1281 2397 1341 2453 170

705 2491 790 2563 Quae
803 2491 1024 2571 eloquentiam.

382 2591 485 2678 Optat
500 2590 531 2654 in
548 2589 676 2676 eloquio
691 2590 715 2653 si
733 2590 805 2676 quis
821 2594 994 2676 praeclarus
1009 2589 1132 2666 heberi,

472 2692 701 2758 Indubitanter
715 2693 756 2768 ei,
770 2693 858 2778 quod
874 2693 977 2778 cupit,
992 2694 1053 2757 ista
1068 2693 1207 2759 dabunt:

385 2799 554 2884 Ingenium
571 2795 705 2881 pollens,
721 2797 869 2860 memoris
883 2819 1014 2883 quoque
1029 2797 1165 2882 pectoris
1181 2819 1270 2876 usus,

469 2901 557 2964 Artis
571 2920 658 2983 opes,
675 2898 760 2961 vocis
775 2920 905 2983 organa,
921 2921 1023 2961 sermo
1038 2897 1194 2984 frequens.

617 3002 669 3065 De
684 3002 850 3066 Mercurio
865 3008 896 3065 et
911 3003 1102 3083 Philologin.

382 3104 418 3172 si
433 3103 507 3191 quis
521 3103 562 3167 ab
576 3103 627 3168 his
643 3102 745 3167 titulis
761 3115 793 3167 et
807 3115 935 3188 pectore
950 3102 1049 3190 pollet
1064 3114 1097 3166 et
1111 3124 1176 3177 ore,
1278 3111 1340 3170 175

470 3204 666 3272 Mercurium
678 3204 789 3290 jungit
805 3203 987 3289 Philologin
1002 3204 1073 3268 tibi.

383 3311 452 3373 Nec
468 3321 591 3372 moreat
608 3310 745 3370 Maurus
761 3327 881 3391 ponens
896 3308 1088 3389 philologia,
1102 3329 1195 3371 versu

469 3410 605 3474 Ponitur
620 3409 781 3472 interdum
798 3408 922 3493 syllaba
937 3408 1032 3494 longe
1047 3409 1164 3484 brevis,

383 3513 429 3576 Et
445 3512 550 3575 brevis
565 3511 726 3575 interdum
743 3510 934 3598 producitur
948 3525 1028 3588 erte,
1043 3511 1098 3577 sed
1115 3512 1200 3576 idern

473 3616 511 3678 ln
529 3636 671 3678 sermone
688 3627 792 3678 tamen
809 3636 919 3678 sensus
935 3614 1086 3701 utrinque
1102 3626 1219 3680 menet.
1278 3616 1339 3680 180

383 3718 429 3781 Et
445 3739 544 3802 quum
561 3716 601 3779 de
617 3739 709 3780 sensu
725 3729 859 3793 constet,
873 3715 1038 3802 pueriliter
1053 3729 1149 3795 erret,

470 3821 532 3885 Cui
551 3819 675 3901 longam
693 3819 778 3883 litem
795 3819 866 3882 lane
880 3818 1010 3905 caprina
1025 3819 1113 3884 lacit.

384 3919 587 3986 Alterutrum
605 3918 654 3982 vel
671 3932 845 4006 utrumque
859 3920 933 3984 licet
948 3920 1101 4003 proferre,
1117 3918 1172 3984 sed
1187 3920 1283 3997 insta,

468 4025 516 4087 Ut
533 4023 572 4088 sit
592 4021 756 4087 Mercurio
773 4021 951 4106 Philologin
966 4045 1081 4103 comes,

383 4127 454 4189 Non
472 4126 547 4212 quie
562 4125 748 4190 numinibus
764 4123 850 4189 falsis
864 4124 1043 4189 reverentia
1057 4124 1165 4201 detur,
1277 4127 1339 4190 185

470 4227 532 4290 Sed
549 4227 609 4291 sub
625 4227 794 4289 verborum
812 4224 951 4312 tegmine
966 4248 1040 4289 vera
1057 4225 1164 4291 latent.

381 4332 465 4392 Vere
480 4333 581 4394 latent
598 4349 701 4391 rerum
720 4327 879 4391 variorum
896 4339 982 4391 tectu
997 4327 1121 4413 figuris,

470 4431 551 4493 Nam
569 4453 656 4495 sacra
671 4428 795 4514 vulgari
812 4429 942 4516 publica
952 4432 1029 4516 jura
1044 4439 1162 4495 vetent.
