2992 5592
147 802 234 849 sacr.
251 789 313 864 v1.]
438 802 479 848 nn
494 801 625 847 sarran
642 803 810 848 sarranis.
1039 795 1101 851 225

144 976 197 1018 vas
220 955 342 1020 scilicet
365 955 473 1032 fictile,
489 954 543 1018 sed
568 955 744 1019 timendum
770 977 808 1017 ne
832 955 887 1018 liat
908 978 963 1019 vas
985 970 1096 1022 contu-

142 1058 261 1130 meliam
286 1058 326 1122 ad
351 1058 452 1143 quid;
485 1071 521 1121 ut
546 1070 726 1123 revertatur
751 1059 782 1120 in
810 1057 974 1142 pulverem
1003 1072 1096 1123 tenoe.

141 1160 226 1224 Hinc
242 1161 309 1224 Job
326 1164 403 1224 sein
420 1160 553 1247 pulvere
569 1159 677 1223 sedere
692 1174 723 1224 et
740 1159 878 1223 dormire
893 1160 981 1224 dicit.
1012 1162 1096 1238 [Job

141 1260 205 1325 xlii.
221 1262 270 1342 6.]
320 1262 355 1325 ln
372 1260 503 1347 pulvere
521 1260 609 1325 sedet
624 1274 656 1325 et
672 1261 809 1332 dormit3
834 1262 938 1349 quiin
960 1265 1097 1329 mutabi-

140 1361 215 1425 lium
231 1362 359 1426 levitate
371 1365 504 1449 sopitus,
515 1364 573 1426 nisi
587 1386 702 1448 magno
714 1364 823 1427 labore
833 1387 963 1447 surgere
973 1368 1093 1452 nequit.

141 1463 227 1528 Hinc
249 1465 368 1545 David,
386 1467 484 1528 Mane
505 1464 636 1538 floreat;
661 1477 693 1528 et
709 1480 786 1529 tunc
805 1464 914 1543 Mane,
932 1466 965 1530 id
986 1481 1043 1542 est,
1061 1470 1092 1532 in

136 1565 273 1650 pueritia
285 1580 315 1631 et
332 1567 545 1651 injuventute
561 1565 663 1644 floret,
675 1567 730 1630 sed
746 1566 778 1630 in
791 1590 930 1652 vespere,
942 1568 975 1631 id
988 1582 1047 1647 est,
1058 1570 1090 1632 in

138 1681 240 1732 morte
255 1668 385 1745 decidit,
400 1668 530 1732 indurat
547 1670 578 1731 in
596 1670 759 1749 cadavere,
775 1669 889 1733 arescit
904 1669 935 1732 in
952 1670 1093 1754 pulvere,

136 1771 213 1855 quia
244 1784 316 1856 post
343 1770 500 1833 hominem
532 1771 678 1844 cadaver,
704 1786 776 1855 post
803 1771 938 1834 cadaver
965 1777 1091 1848 vermis,

136 1884 208 1955 post
221 1894 358 1936 vermem
372 1870 507 1936 efficitur
522 1873 608 1936 cinis.
642 1874 693 1935 Sic
705 1872 807 1956 igitur
819 1873 973 1957 sapientia
988 1874 1020 1937 in
1037 1876 1094 1938 tri-

137 1973 220 2056 pode
242 1974 377 2038 hominis
395 1976 620 2049 conditionem,
637 1975 884 2040 mutabilitatem
905 1976 1089 2042 innotescit:

136 2087 166 2138 et
200 2075 249 2138 sui
280 2091 496 2163 contemptum
529 2077 709 2141 evidentius
739 2078 899 2163 exprimit.
957 2080 1092 2144 'l'sarra

136 2195 271 2243 sencias
285 2199 608 2243 conraurunrmnrs.
646 2180 898 2265 Circumspectio
914 2203 1027 2245 nomen
1042 2195 1090 2245 est

134 2279 367 2365 aequivocatum
385 2282 424 2345 ad
438 2282 512 2345 duo.
548 2283 799 2367 Circumspectio
811 2306 960 2369 namque,
972 2284 1090 2371 species

134 2382 325 2465 prudentiae,
338 2385 457 2448 dicitur
473 2385 606 2470 provida
620 2386 832 2468 gerendorum
846 2389 895 2448 vel
911 2410 1089 2452 sermonum

133 2485 265 2549 cautela.
312 2487 418 2564 Quum
436 2509 510 2549 vero
526 2487 765 2573 circumspectio
786 2512 805 2550 a
824 2489 1090 2574 contemplatione

134 2587 345 2670 specificatur,
369 2588 464 2651 animi
486 2589 665 2675 exploratio
680 2589 808 2663 dicitur,
825 2612 890 2674 qua
905 2591 1029 2653 animus
1044 2590 1091 2653 in-

133 2686 274 2766 tellectu,
294 2689 436 2765 consilio,
459 2705 491 2754 et
512 2690 637 2755 delectu
661 2692 744 2755 inter
766 2691 928 2753 mundana
949 2707 1089 2753 contem⁴

133 2788 251 2873 platur.
309 2792 441 2855 Animus
476 2815 613 2876 namque
647 2790 810 2855 intellectu
843 2814 899 2876 per
929 2791 1090 2855 mundana

133 2891 299 2965 discurrit;
324 2895 455 2957 consilio
471 2894 510 2956 de
526 2893 695 2958 mundanis
716 2893 870 2957 deliberat
891 2909 923 2955 et
943 2893 1087 2978 inquirit,

132 2991 256 3058 delectu
272 2998 354 3058 inter
369 2997 438 3081 ipsa
452 2996 602 3060 discernit
621 3012 652 3061 et
673 2996 772 3080 eligit.
819 2996 991 3058 Discursus
1011 3017 1087 3058 vero

131 3097 244 3169 animi;
268 3098 430 3161 mundana
445 3100 583 3183 concipit
605 3098 783 3169 mutabilia,
800 3097 929 3172 caduca,
945 3109 976 3160 et
1001 3111 1086 3160 tran-

130 3198 247 3263 sitoria.
297 3201 467 3286 Inquisitio
482 3201 579 3264 animi
594 3201 787 3279 deliberanS,
803 3199 963 3262 mundana
985 3199 1085 3284 perci-

129 3302 176 3385 pit
192 3325 259 3366 esse
275 3316 336 3366 tam
355 3304 438 3366 bona
453 3325 549 3391 quam
567 3303 659 3375 mala,
678 3303 748 3366 licet
766 3301 947 3365 transitoria
967 3315 999 3365 et
1018 3316 1082 3366 tam

128 3401 283 3467 bonorum
300 3427 395 3491 quam
413 3405 568 3469 malorum
584 3403 751 3468 contraria.
796 3403 941 3467 Electiva
960 3404 1083 3468 consilii

128 3504 276 3569 discretio
297 3531 316 3570 a
339 3508 430 3572 malis
451 3507 568 3572 dividit
591 3506 685 3577 bona,
702 3508 784 3570 inter
807 3506 899 3584 bona,
915 3506 1003 3589 eligit
1027 3529 1083 3592 po·

128 3607 219 3683 tiore,
236 3609 318 3674 inter
333 3611 476 3687 adversa,
493 3610 516 3673 si
535 3611 627 3673 vitari
643 3623 817 3694 nequeunt,
833 3608 938 3671 minus
959 3609 1081 3684 nociva,

128 3710 212 3772 unde
230 3712 412 3790 Terentius,

200 3827 242 3878 lta
255 3835 294 3880 est
305 3830 359 3880 vita
371 3829 483 3881 hominis
495 3832 568 3898 quasi
579 3830 656 3882 ludas
668 3848 725 3882 cum
738 3832 857 3892 tesseris;

198 3915 225 3963 Si
238 3914 265 3965 id
278 3915 345 3982 quod
356 3932 420 3986 opus
432 3922 472 3967 est
483 3918 629 3987 jactu,'n0n
647 3916 725 3979 cadit,
742 3918 765 3968 si
782 3918 809 3968 id
824 3916 891 3968 forte
909 3916 1038 3977 ceciderit,
1053 3916 1080 3966 id

302 4008 358 4052 arte
370 4003 492 4068 corrigas.

127 4105 190 4167 His
205 4104 305 4187 igitur
327 4104 429 4169 tribus
451 4107 572 4169 viribus
595 4108 720 4170 animus
742 4118 864 4177 utatur,
889 4117 924 4166 ut
945 4107 1077 4166 circum·

124 4205 263 4288 spectius
277 4206 360 4268 inter
376 4207 536 4269 mundana
552 4207 744 4292 speculetur,
760 4229 798 4267 ne
817 4206 972 4267 bonorum
997 4202 1078 4265 mul·

121 4308 259 4371 titudine
273 4308 493 4392 temporalium
509 4309 736 4382 confundatur,
750 4329 788 4368 ne
801 4325 908 4367 eorum
923 4303 1075 4365 varietate

119 4408 302 4482 seducatur,
330 4431 369 4470 ne
396 4406 585 4472 multimoda
611 4407 766 4469 malorum
799 4402 991 4466 adversitate
1022 4402 1077 4466 de-

158 4529 228 4574 VOL.
253 4531 284 4572 V.
599 4527 621 4573 Q
