2992 5592
163 795 324 877 cmxx]
526 812 768 861 unrsnocrcus.
1061 804 1117 863 111

161 965 270 1032 nullus
284 987 355 1032 ease
370 967 542 1031 mentitum
558 965 703 1052 ambigit,
717 981 775 1031 aut
790 981 957 1054 urigatum.
1003 973 1119 1056 ltaque

162 1069 223 1148 bic,
237 1068 323 1136 sicut
337 1083 372 1135 et
386 1067 477 1149 alibi,
488 1082 643 1134 executus
657 1081 717 1150 eat,
728 1070 815 1157 quod
830 1071 921 1138 decet
939 1071 1115 1139 liberalium

159 1171 278 1237 artium
305 1183 549 1260 preceptorem,
570 1194 678 1259 agens,
701 1187 738 1240 ut
765 1173 828 1239 dici
854 1179 945 1256 solet,
969 1177 1118 1243 Minerva

161 1273 337 1359 pinguiori,
367 1286 407 1339 ut
436 1273 684 1360 intelligeretur:
719 1298 777 1340 nec
805 1277 839 1341 in
873 1280 1054 1363 generibus,
1083 1293 1116 1346 et

160 1373 338 1460 speciebus,
353 1375 435 1440 banc
459 1375 572 1442 statuit
592 1374 826 1455 difficultatem,
841 1401 938 1464 quam
962 1379 1021 1467 ipsi
1042 1379 1117 1446 doo-

160 1487 243 1541 torea
278 1490 448 1565 nequeunt
483 1476 668 1562 intelligere,
698 1477 817 1543 nedum
854 1480 1012 1546 sufficiant
1047 1482 1117 1547 aliia

159 1577 341 1664 explanare.
387 1582 441 1645 Ex
457 1579 517 1645 hac
533 1581 691 1644 Minervae
705 1581 914 1667 pinguedine,
930 1582 1052 1646 dictum
1068 1597 1115 1648 est

159 1676 288 1744 illudio
311 1679 460 1767 Topicis:
487 1679 674 1746 differentias
697 1704 819 1758 omnes,
835 1694 893 1747 aut
915 1683 1045 1769 species,
1058 1698 1116 1750 aut

159 1779 326 1847 individua
341 1795 452 1848 erunt:
469 1781 626 1871 siquidem
643 1795 718 1847 aunt
731 1783 895 1847 animalia:
913 1808 985 1849 nam
1002 1808 1115 1850 unum-

159 1883 314 1971 quodque
328 1883 523 1977 animalium,
540 1897 597 1949 aut
614 1883 734 1969 species
749 1899 810 1963 est,
826 1898 882 1950 aut
898 1885 1114 1955 individuum.

160 1981 314 2049 Similiter
335 1996 368 2048 et
389 1983 471 2048 illud
495 1984 641 2050 Boethii:
672 1986 786 2050 Omnia
807 1989 925 2070 species
945 1996 993 2053 eat
1017 2010 1114 2054 suum

157 2105 272 2167 gersus
334 2088 418 2151 Nam
448 2086 550 2150 omnia
580 2085 676 2150 homo
711 2085 840 2167 animal,
868 2088 971 2152 omnia
1000 2087 1115 2155 albedo

159 2190 256 2254 color.
303 2187 390 2267 Quid
406 2211 483 2275 ergo
501 2188 664 2277 prohibet,
675 2193 774 2277 juxta
789 2189 871 2254 hanc
886 2190 1021 2256 licentioe
1036 2193 1112 2257 rati·

159 2312 266 2368 onem,
281 2312 319 2356 ea
331 2314 406 2378 quae
429 2304 505 2357 sunt
529 2291 699 2372 sensibilia,
713 2290 764 2355 vel
785 2292 952 2378 predicari
967 2293 1017 2358 vel
1038 2295 1114 2360 aub-

156 2394 241 2480 jici?
279 2398 348 2461 Nec
361 2395 476 2483 opinor
490 2406 635 2460 auctores
657 2393 738 2459 hanc
754 2395 818 2459 vim
841 2395 1028 2483 imposuisse
1050 2420 1113 2463 ser-

160 2496 256 2578 moni,
272 2508 310 2562 ut
326 2496 477 2582 alligatus
491 2495 532 2559 ait
545 2495 586 2561 ad
604 2518 710 2573 unam,
726 2495 757 2560 in
776 2497 939 2582 juncturis
953 2498 1110 2580 omnibus,

161 2598 436 2685 significationem,
451 2597 505 2663 aed
528 2597 746 2662 doctrinaliter
767 2599 811 2663 sic
831 2623 898 2663 esse
918 2598 1052 2676 locutos,
1074 2613 1110 2666 ut

160 2701 282 2790 ubique
303 2699 441 2766 serviant
463 2700 652 2776 intellectui,
675 2701 733 2787 qui
757 2699 1031 2764 commodissimus
1052 2713 1111 2780 est,

158 2816 188 2869 et
213 2824 311 2889 quem
338 2800 384 2866 ibi
409 2802 518 2867 haberi
541 2825 608 2889 prae
632 2803 756 2867 caeteris
778 2802 860 2868 ratio
882 2800 992 2885 exigit.
1038 2804 1111 2866 Hoc

158 2906 261 2992 ipsum
292 2928 370 2992 ergo
399 2906 486 2993 quod
517 2905 635 2972 dieitur
665 2905 843 2991 praedicari,
868 2905 910 2969 ab
939 2903 1111 2989 adjunctis,

158 3007 265 3096 plures
288 3007 489 3094 significandi
511 3007 669 3075 contrabit
693 3007 815 3071 modos.
859 3005 981 3070 Poterit
1004 3016 1110 3068 tamen

158 3110 239 3177 sorte
254 3110 377 3196 ubique
387 3109 527 3197 aliquam
542 3107 780 3196 quodammodo
795 3105 1046 3172 convenientiam
1059 3106 1109 3170 vel

158 3213 378 3280 inhaerentiam
393 3212 572 3298 designare.

199 3317 285 3382 Nam
298 3324 399 3405 quum
412 3339 515 3382 sermo
529 3315 571 3380 de
586 3337 729 3381 sermone
739 3312 993 3400 jungibilitatem
1008 3334 1110 3399 quun·

157 3417 229 3483 dum
244 3420 453 3485 terminorum
470 3441 554 3484 verae
568 3417 789 3483 affirmationis
810 3414 927 3496 innuit,
941 3437 1042 3502 quum
1066 3414 1108 3481 de

158 3542 192 3585 re
227 3544 332 3587 sermo
367 3521 487 3588 dicitur
523 3520 702 3608 praedicari,
732 3517 924 3600 ostenditur,
952 3517 1042 3606 quod
1078 3518 1107 3584 ei

159 3621 232 3688 telis
257 3623 454 3710 nuncupatio
477 3635 618 3709 aptatur.
663 3624 744 3687 Bem
768 3644 844 3685 vero
868 3621 909 3686 de
931 3644 966 3686 re
992 3619 1109 3707 praedi·

158 3728 224 3791 cari
253 3723 416 3791 interdum
442 3737 544 3802 notat,
569 3724 719 3810 quoniam
747 3724 807 3788 boc
833 3736 881 3790 est
907 3724 987 3792 hoc:
1027 3736 1109 3811 puta

158 3829 254 3895 Plato
269 3830 379 3892 homo:
401 3825 563 3892 interdum
585 3826 735 3913 quoniam
761 3826 821 3891 boc
843 3826 1014 3913 participat
1035 3828 1107 3902 hoc,

157 3942 270 4017 utpote
284 3928 465 4015 subjectum
486 3927 657 3994 accidente.
703 3929 771 3993 Nec
785 3928 938 3993 erubesco
952 3928 1108 4005 confiteri,

157 4031 244 4118 quod
274 4054 324 4096 rea
358 4030 399 4095 de
427 4053 462 4094 re
490 4029 685 4117 predicetur
721 4030 755 4094 in
791 4030 1018 4117 propositione,
1047 4030 1108 4093 etsi

156 4156 204 4199 rea
217 4134 250 4199 in
265 4130 485 4221 propositione
500 4153 561 4195 non
578 4131 638 4196 ait:
669 4153 769 4219 quum
786 4130 846 4194 hoc
861 4130 893 4192 in
909 4140 1015 4192 mente
1029 4126 1108 4190 mihi

156 4250 310 4315 versetur,
340 4232 432 4322 quod
460 4254 510 4299 res
537 4232 734 4318 significetur
764 4222 937 4319 predicato
972 4227 1109 4292 termino

157 4359 239 4404 verm
252 4334 483 4416 affirmationis,
498 4338 591 4423 cujus
605 4335 748 4420 subjecto
764 4333 871 4418 aliqua
885 4329 926 4392 de
940 4349 975 4390 re
989 4328 1109 4410 agitur,

156 4453 275 4506 autres
287 4438 401 4523 aliqua
415 4436 619 4521 significatur.
668 4438 786 4519 ltaque
801 4452 863 4495 uon
873 4426 1107 4494 adversandum
