2992 5592
251 802 293 860 9-2
509 811 645 856 Joauurs
660 811 937 858 saanssrmusrs
1073 801 1151 875 [ma.
1168 813 1199 860 rr.

255 963 287 1028 id
308 975 367 1040 est,
388 961 584 1048 exemplares
606 960 730 1038 formae,
751 983 857 1025 rerum
881 962 1043 1047 primaevae
1063 965 1201 1028 omnium

253 1066 391 1131 rationes
412 1076 498 1142 sunt,
514 1086 586 1148 quae
605 1084 662 1126 nec
682 1061 924 1127 diminutionem
947 1064 1128 1147 suscipiunt
1150 1088 1202 1129 nec

252 1178 479 1251 augmentum
506 1161 636 1228 stabiles
657 1175 690 1227 et
712 1176 895 1249 perpetuae:
925 1177 960 1228 ut
983 1164 1043 1228 etsi
1067 1164 1202 1231 muudus

255 1275 342 1331 totus
367 1262 540 1352 corporalis
561 1277 681 1349 pereat,
704 1277 864 1348 nequeant
890 1263 1030 1329 interire.
1088 1269 1202 1332 Rerum

253 1367 395 1431 omnium
425 1365 636 1451 corporalium
668 1386 819 1429 numerus
844 1365 987 1430 consistit
1014 1364 1046 1428 iu
1074 1366 1140 1430 his:
1175 1380 1204 1431 et

254 1472 337 1536 sicut
366 1469 398 1532 in
430 1467 511 1532 libro
541 1467 582 1530 de
617 1466 716 1531 libero
746 1466 881 1531 arbitrio
910 1465 1039 1531 videtur
1068 1482 1205 1533 astruere

257 1568 470 1657 Augustinus,
497 1568 574 1654 quia
600 1568 652 1631 lue
677 1590 800 1653 semper
825 1581 911 1642 suut,
935 1567 1059 1632 etiamsi
1088 1582 1205 1655 tempo

253 1671 333 1736 ralia
346 1670 449 1757 perire
471 1669 647 1753 contingat,
670 1691 774 1733 rerum
799 1691 950 1734 uumerus
972 1691 1029 1733 nec
1051 1670 1205 1736 minuitur

254 1796 312 1837 nec
335 1784 483 1858 augetur.
529 1776 684 1856 Magnum
707 1771 851 1858 profecto
873 1784 932 1851 est,
948 1786 980 1836 et
1004 1785 1116 1836 uotum
1138 1773 1205 1860 plri-

254 1875 408 1962 losopbis,
437 1873 726 1959 contemplantibus
759 1872 883 1953 altiora,
916 1873 1004 1958 quod
1034 1874 1089 1939 isti
1118 1873 1205 1958 polli-

254 1989 385 2041 centur:
417 1974 483 2050 sed,
504 1973 587 2038 sicut
611 1974 778 2048 Boethius,
801 1987 833 2038 et
855 1971 907 2037 alii
929 1974 1023 2038 multi
1048 1987 1204 2039 testantur

255 2089 411 2153 auctores,
442 2097 461 2138 a
495 2074 650 2138 sententia
688 2074 871 2139 Aristotelis
906 2078 1033 2162 penitus
1069 2062 1202 2140 alienum

253 2190 310 2243 est.
356 2177 438 2239 Nam
461 2190 493 2239 et
516 2175 583 2259 ipse
606 2175 681 2239 huic
704 2175 880 2252 seutentiae,
902 2176 982 2240 sicut
1006 2176 1137 2243 evidens
1158 2191 1201 2241 est

254 2279 286 2343 in
303 2276 391 2340 libris
406 2278 488 2362 ejus,
504 2275 620 2362 saepius
640 2276 837 2342 adversatur.
882 2282 1028 2364 Egerunt
1043 2280 1203 2364 operosius

256 2377 438 2443 Bernardus
464 2379 680 2455 carnotensis,
706 2393 737 2443 et
764 2382 834 2466 ejus
859 2393 1039 2462 sectatores,
1063 2394 1101 2445 ut
1124 2404 1203 2445 com·

253 2493 407 2568 ponerent
435 2482 517 2544 iuter
552 2480 756 2545 Aristotelem
787 2495 819 2546 et
849 2481 1028 2557 Platonem,
1059 2483 1114 2547 sed
1152 2507 1202 2547 eos

254 2581 344 2647 tarde
359 2581 479 2645 venisse
502 2581 653 2659 arbitror,
675 2596 707 2647 et
728 2582 886 2646 laborasse
905 2583 939 2646 iu
960 2605 1078 2648 vanum
1100 2598 1138 2651 ut
1158 2608 1202 2650 re·

252 2681 453 2747 conciliarent
483 2696 637 2757 mortuos,
669 2685 735 2768 qui,
766 2682 909 2768 quaudiu
945 2682 976 2747 in
1008 2684 1076 2749 vita
1105 2685 1203 2766 licuit,

251 2784 477 2849 dissenserunt.
529 2786 630 2848 Porro
649 2783 731 2848 alius
755 2798 789 2848 ut
813 2785 1015 2850 Aristotelem
1036 2787 1203 2874 exprimat,

251 2909 324 2950 cum
352 2885 499 2949 Gilberto
526 2885 687 2970 Episcopo
717 2885 908 2963 Pictaveusi,
936 2888 1201 2954 universalitatem

251 2987 362 3052 formis
387 2986 503 3052 nativis
532 2985 694 3065 attribuit,
719 2999 751 3051 et
781 2986 811 3051 iu
842 3010 950 3050 earum
982 2988 1201 3055 conformitate

252 3088 385 3155 laborat.
430 3091 491 3153 Est
513 3101 621 3152 autem
645 3088 747 3156 forma
773 3088 890 3166 nativa,
913 3090 1077 3175 originalis
1098 3115 1202 3156 exem·

251 3191 353 3278 plum,
367 3203 400 3256 et
420 3214 493 3277 quae
515 3213 578 3254 non
599 3188 630 3254 in
649 3204 755 3255 mente
776 3190 838 3255 Dei
861 3191 1015 3272 consistit,
1029 3193 1085 3257 sed
1108 3194 1203 3258 rebus

251 3294 365 3357 creatis
394 3292 540 3357 inhaeret.
592 3292 672 3355 Haec
695 3295 810 3358 Groeco
831 3291 958 3379 eloquio
983 3293 1103 3359 dicitur
1129 3295 1203 3375 ellos,

252 3392 371 3456 babens
396 3415 429 3454 se
458 3392 500 3455 ud
527 3392 643 3468 ideam,
670 3405 708 3457 ut
737 3393 918 3480 exemplum
945 3395 985 3459 ad
1017 3397 1200 3483 exemplam

252 3491 408 3558 sensibilis
423 3490 553 3576 quidem
569 3492 601 3555 in
618 3515 652 3555 re
668 3494 820 3574 sensibili,
835 3495 889 3559 sed
905 3508 1010 3560 mente
1025 3497 1203 3584 concipitur

250 3593 459 3660 insensibilis:
493 3591 664 3678 singularis
689 3619 821 3683 quoque
851 3599 883 3662 iu
915 3597 1060 3684 siugulis,
1085 3598 1140 3662 sed
1170 3599 1200 3662 io

249 3693 398 3759 omnibus
420 3691 614 3758 universalis.
660 3698 721 3759 Est
742 3711 774 3761 et
796 3698 888 3776 alius,
912 3698 981 3784 qui,
1002 3722 1076 3763 cum
1098 3703 1200 3766 Gaus-

250 3795 322 3859 leno
339 3792 537 3857 Suesionensi
561 3793 734 3880 Episcopo,
757 3797 1026 3864 universalitatem
1049 3800 1148 3865 rebus
1168 3799 1198 3864 in

251 3920 350 3962 uuum
372 3894 511 3960 collectis
533 3897 697 3978 attribuit,
721 3912 754 3964 et
782 3901 914 3986 siugulis
936 3902 1070 3967 eandem
1092 3903 1199 3969 demit.

250 3998 388 4075 Exinde,
413 4020 513 4085 quum
541 4000 581 4063 ad
609 4000 866 4088 interpretandas
891 4004 1100 4072 auctoritates
1125 4028 1197 4069 ven·

251 4117 318 4170 tum
341 4114 400 4181 est,
414 4099 538 4164 laborat
560 4122 628 4186 prae
650 4100 778 4166 dolore:
800 4102 877 4186 quia
899 4101 930 4164 iu
950 4100 1028 4166 locis
1052 4103 1199 4189 pluribus

249 4210 366 4272 rictum
386 4208 491 4270 litere
515 4206 720 4286 indignantia
732 4205 830 4287 serre
855 4224 921 4265 nou
946 4206 1094 4269 sustinet.
1139 4207 1197 4269 Est

247 4305 363 4392 aliquis
391 4305 448 4393 qui
478 4304 641 4389 confugiat
672 4303 712 4366 ab
742 4301 920 4366 subsidium
951 4325 1042 4367 novae
1067 4303 1196 4389 linguae,

248 4409 324 4492 quia
349 4410 474 4474 Latinae
500 4407 645 4493 peritiam
671 4427 733 4469 non
759 4405 834 4470 satis
856 4404 972 4467 habet:
998 4426 1083 4468 nunc
1101 4405 1194 4483 euim,
