2992 5592
284 816 451 898 cannis]
632 833 872 882 unrsuoorcus.
1168 824 1230 884 169

279 1037 349 1123 Cap.
366 1043 418 1101 12.
446 1038 538 1113 Quid
563 1038 753 1120 prudentio,
776 1056 852 1119 quae
881 1039 1016 1101 materia
1045 1040 1124 1120 ejus,
1150 1060 1228 1122 quoe

407 1146 536 1222 portes,
549 1146 581 1203 et
594 1138 751 1222 quomodo
764 1141 898 1202 scientio
913 1160 953 1202 ev
966 1161 1074 1204 censu.

311 1250 517 1315 Pnuunnm
531 1261 639 1313 autem
656 1262 715 1327 est,
729 1260 765 1314 ut
781 1248 825 1313 ait
842 1249 965 1328 Cicero,
977 1249 1081 1314 virtus
1096 1251 1224 1327 animes,

272 1372 341 1436 quoe
361 1348 395 1414 iu
419 1348 628 1436 inquisitione
650 1365 682 1415 et
704 1350 928 1436 perspicientia
949 1351 1141 1437 solertiaque
1158 1353 1224 1417 veri

272 1462 424 1517 versatur.
472 1452 612 1516 Materia
626 1451 708 1515 enim
725 1453 821 1538 hujus
837 1452 976 1529 virtutis,
992 1453 1024 1516 in
1048 1474 1114 1539 qua
1135 1476 1225 1518 exer·

270 1565 368 1635 cetur,
383 1552 504 1618 veritas
521 1566 587 1618 est:
619 1553 814 1640 reliquarum
831 1576 917 1631 vero,
932 1552 1114 1618 domesticae
1135 1577 1225 1640 quae·

270 1654 339 1719 dam
363 1655 578 1721 necessitates.
624 1659 675 1720 Ne
695 1679 773 1741 ergo
789 1654 1001 1740 undecunque
1024 1655 1166 1734 fallatur,
1182 1656 1224 1721 ad

270 1756 379 1823 sutura
393 1770 601 1844 prospectum
619 1756 770 1838 intendit,
785 1771 817 1820 et
839 1754 1072 1844 providentiam
1095 1758 1225 1835 format,

270 1857 315 1923 rel
337 1857 507 1945 praeterita
528 1859 569 1923 ad
593 1872 729 1923 mentem
753 1881 915 1935 revocans,
939 1857 1136 1926 thesaurizat
1159 1882 1226 1925 me·

269 1960 393 2025 moriae:
427 1961 479 2024 vel
493 1959 534 2024 de
557 1961 766 2047 presentibus
781 1960 885 2037 callet,
902 1973 934 2024 et
956 1961 1083 2028 astutiae
1098 1966 1148 2027 vel
1163 1961 1225 2027 cal-

267 2060 399 2128 liditatis
425 2064 560 2149 speciem
587 2065 693 2151 parit:
726 2075 781 2128 aut
806 2087 838 2128 se
864 2063 983 2150 pariter
1009 2062 1050 2126 ad
1077 2064 1225 2130 universa

269 2162 432 2241 diffundit,
448 2176 480 2228 et
497 2163 525 2228 ei
539 2164 781 2252 circumspectio
796 2168 947 2231 nascitur.
992 2167 1100 2244 Quum
1115 2181 1222 2236 eutem

269 2267 434 2330 veritatem
450 2264 549 2330 suerit
563 2279 719 2345 assecuta,
734 2267 767 2329 iu
784 2266 918 2353 speciem
939 2264 1077 2331 scientiae
1100 2267 1223 2335 transit.

267 2366 316 2431 Ex
332 2365 384 2429 his
401 2378 503 2452 patet,
518 2365 606 2453 quod
622 2390 724 2453 quum
743 2365 783 2431 de
799 2390 904 2444 seusu,
921 2369 1117 2456 imaginatio,
1133 2384 1165 2435 et
1182 2393 1223 2438 ex

267 2465 313 2531 his
328 2466 470 2546 duobus,
482 2468 600 2553 opinio,
612 2482 644 2533 et
660 2492 698 2535 ex
711 2469 871 2556 opinione,
882 2471 1051 2558 prudentia
1063 2486 1222 2549 nascatur,

269 2592 338 2656 quae
352 2570 387 2635 in
403 2570 567 2635 scientiam
585 2570 793 2652 convalescat,
808 2572 894 2659 quod
914 2573 1043 2637 scientia
1065 2571 1106 2635 de
1128 2596 1222 2638 sensu

269 2672 366 2739 trahit
383 2670 548 2757 originem.
595 2675 677 2738 Nam
702 2687 739 2739 ut
762 2674 883 2739 dictum
907 2690 964 2750 est,
980 2678 1075 2739 mailli
1096 2695 1222 2750 senum,

269 2779 446 2840 autetiam
471 2797 567 2852 unus,
584 2776 763 2841 memoriam
788 2799 895 2850 unam,
916 2776 1028 2841 multae
1050 2776 1222 2851 memoriae,

269 2878 535 2964 experimentum,
555 2879 657 2945 multa
682 2880 909 2966 experimenta,
935 2879 1087 2965 regulam,
1111 2875 1222 2940 multae

267 2978 395 3067 regulae,
409 2978 607 3045 reddiderint
624 3003 717 3045 unum
739 2994 852 3061 artem,
867 3004 918 3044 ars
933 3003 1008 3043 vero
1022 2979 1221 3044 facultatem.

290 3136 371 3223 Cep.
390 3141 440 3201 13.
463 3140 517 3202 De
531 3140 714 3226 diffluentia
730 3140 887 3213 scientim,
902 3146 931 3198 et
945 3140 1137 3221 sapientise:
1163 3147 1195 3203 et

640 3242 842 3324 quidfides?

307 3347 397 3412 Inus
412 3361 472 3422 est,
488 3349 574 3434 quod
591 3350 726 3435 majores
741 3348 958 3435 prudentiam,
974 3349 1024 3414 vel
1046 3350 1221 3433 scientiam,

265 3444 304 3511 ed
328 3447 554 3532 temporalium
580 3460 612 3510 et
639 3448 833 3513 sensibilium
861 3449 1005 3513 notitiam
1035 3449 1219 3517 retulerint:

266 3546 305 3613 ed
336 3548 553 3634 spiritualium
584 3570 671 3627 vero,
701 3549 911 3627 intellectum,
942 3552 992 3616 vel
1022 3552 1220 3639 sapientiam.

267 3652 350 3714 Nam
367 3648 407 3714 de
423 3649 584 3732 humanis,
598 3651 746 3717 scientia:
777 3651 818 3716 de
833 3653 958 3730 divinis,
976 3656 1141 3741 sapientia,
1157 3658 1221 3722 dici

266 3752 354 3815 solet.
393 3751 489 3815 Adeo
499 3765 606 3815 eutem
619 3751 659 3815 de
669 3773 761 3817 sensu
772 3753 901 3817 scientia
912 3756 1040 3838 pendet,
1052 3769 1220 3835 uteorum,

266 3874 338 3938 quae
361 3875 456 3917 sensu
479 3853 636 3931 sciuntur,
651 3877 713 3917 non
737 3855 779 3919 sit
802 3856 944 3934 scientia,
968 3858 1064 3924 rebus
1085 3881 1105 3921 a
1127 3882 1220 3923 sensu

266 3953 440 4021 subductis.
487 3958 621 4020 Constat
637 3956 720 4020 euim
741 3956 801 4020 huc
824 3957 865 4021 ab
882 3959 1064 4024 Aristotele.
1111 3958 1222 4024 Potest

266 4066 368 4119 tamen
384 4079 454 4119 esse
474 4054 577 4120 fidelis
591 4057 717 4143 opinio:
751 4071 788 4122 ut
810 4080 911 4142 quum
927 4074 998 4145 post
1023 4072 1147 4123 noctem
1164 4059 1219 4123 sot

267 4157 408 4222 creditur
435 4157 608 4222 rediturus.
654 4157 752 4221 Unde
777 4159 854 4244 quia
878 4161 1015 4223 humana
1041 4156 1222 4223 transitoria

267 4257 338 4337 sint,
349 4272 474 4323 certum
491 4258 647 4346 opinionis
663 4262 703 4324 de
717 4263 828 4324 iisdem
845 4261 957 4345 nequit
972 4284 1037 4323 esse
1047 4257 1221 4343 judicium,

266 4359 323 4424 nisi
340 4383 432 4424 raro:
464 4362 490 4424 si
511 4374 631 4439 autem,
645 4361 732 4446 quud
758 4384 818 4424 non
844 4382 1074 4445 usquequaque
1096 4370 1218 4423 certum

265 4476 321 4543 est,
337 4485 398 4548 pro
413 4475 502 4528 certo
522 4476 693 4539 statuatur,
711 4465 746 4527 fit
770 4482 914 4526 accessus
936 4460 975 4524 ad
1000 4458 1106 4535 fidem,
1123 4483 1219 4545 quam
