2992 5592
574 803 796 851 nuruumcns.
1103 795 1167 852 m

214 952 299 1016 Hinc
316 956 442 1038 sapiens
457 955 565 1020 audire
581 956 682 1041 cupit,
697 978 899 1042 quincunque
914 977 1032 1023 nocere

298 1055 449 1133 Possunt,
463 1071 499 1121 ut
513 1069 633 1136 caveat,
648 1057 804 1143 quicquid
820 1060 933 1125 obesse
947 1068 1063 1144 potest.

397 1161 448 1222 De
464 1161 671 1243 Endymione
684 1169 717 1224 et
730 1162 879 1244 demente
893 1163 973 1246 ejm

211 1256 450 1344 Cujuscumque
465 1262 509 1325 rei
525 1262 666 1326 firmetur
681 1261 790 1346 opinio
806 1284 889 1343 vera,

297 1362 370 1425 Hoc
386 1375 476 1427 vetus
490 1364 677 1449 Endymion
691 1364 817 1429 censuit
830 1386 900 1430 esse
916 1366 1025 1431 fidem.
1080 1371 1161 1432 1120

209 1461 330 1525 Asserit
343 1485 488 1541 errorem,
504 1465 530 1527 si
546 1464 603 1528 fiat
617 1464 728 1548 opinio
743 1467 854 1545 fallax,

295 1558 454 1644 Falsaque
470 1562 589 1625 nesciri
605 1561 684 1625 dicit
699 1573 730 1624 et
746 1573 812 1625 arte
827 1563 951 1647 probat

209 1658 335 1721 Falsum
351 1660 503 1736 nescitur,
518 1661 593 1744 quia
608 1662 697 1724 nulla
710 1662 847 1727 scientia
861 1663 954 1742 fallit,

294 1761 364 1824 Nec
380 1760 564 1843 permisceri
577 1762 636 1824 lux
653 1764 857 1845 tenebraeque
874 1766 988 1830 valent

207 1859 371 1922 interdum
388 1861 453 1923 veri
470 1862 578 1944 specie
593 1861 747 1925 falluntur
761 1863 886 1939 inanes,
1077 1870 1158 1928 1125

294 1964 480 2046 Votivaeque
497 1963 542 2025 rei
558 1963 661 2026 dulcis
675 1963 780 2046 imago
797 1976 892 2028 tenet

207 2064 288 2128 Sunt
302 2086 383 2147 quos
397 2085 459 2128 nec
475 2085 593 2143 rerum,
608 2086 669 2128 nec
686 2087 760 2129 vero
776 2064 895 2131 mulcet
908 2069 1025 2151 imago,

292 2165 354 2229 Sed
369 2166 438 2228 vitii
454 2165 581 2249 species
596 2167 740 2249 salsaque
756 2168 826 2230 sola
833 2167 959 2252 juvant.

228 2265 321 2331 Quod
335 2268 453 2328 cecitas
467 2267 673 2330 assimilatur
686 2268 756 2346 soli,
772 2271 1022 2333 verisimilitudo
1037 2272 1133 2333 lune.

205 2367 266 2428 Est
280 2369 327 2429 sol
343 2367 616 2443 conformium,
633 2369 776 2451 falsoque
794 2369 920 2446 Selene,

290 2467 369 2539 Quae
384 2468 489 2531 lucem
505 2469 633 2532 simulat
647 2481 678 2531 et
692 2470 857 2535 maculosa
870 2484 989 2537 manet.
1073 2474 1156 2537 1180

205 2570 288 2632 Nam
304 2570 391 2653 quod
405 2573 465 2633 sub
479 2573 556 2634 luna
571 2593 699 2646 vanum,
715 2576 868 2637 mutabile
884 2587 984 2652 nutat,

290 2668 353 2733 Sed
370 2667 454 2733 circa
468 2672 578 2748 solem,
593 2669 659 2733 fida
675 2673 782 2753 quieta
796 2685 936 2736 manent.

203 2771 330 2852 Regnat
344 2772 377 2834 in
393 2771 533 2835 excelsis
547 2792 666 2848 rerum,
681 2771 765 2853 viget
779 2793 865 2834 error
878 2772 912 2835 in
926 2774 1000 2839 imis

288 2874 333 2936 Et
346 2873 427 2936 fallit
441 2863 590 2956 populo's,
604 2893 688 2956 quos
701 2893 783 2951 vaga
796 2873 873 2936 luna
887 2875 1012 2957 premit.

202 2972 298 3036 Clara
312 2995 408 3056 super
421 2975 531 3035 lunum
546 2993 678 3055 superos
694 2973 758 3034 veri
772 2982 861 3036 tenet
875 2975 958 3051 aula,
1070 2980 1151 3039 llas

288 3076 424 3138 Inferius
440 3072 595 3136 mundum
610 3075 740 3137 nubilus
755 3095 840 3138 error
854 3076 928 3157 agit.

200 3178 251 3239 De
263 3179 418 3252 Arcesila,
426 3178 576 3258 principe
586 3175 861 3253 Academicorum,
869 3184 901 3238 et
912 3175 1059 3257 docmate
1070 3178 1149 3260 mue.

199 3277 375 3340 Arcesilam
390 3277 535 3361 sequitur
549 3275 722 3339 Academia
734 3275 839 3358 prisca
853 3276 1022 3341 docentem

285 3379 330 3440 Et
345 3398 447 3457 genus
461 3377 631 3440 humanum
647 3378 719 3440 luce
731 3397 837 3440 carere
853 3377 938 3441 iacit.

429 3478 480 3539 De
495 3478 697 3556 Antisthene,
713 3477 911 3541 Academico.

198 3581 334 3643 Doctior
349 3580 554 3643 Antisthenes
568 3579 793 3656 Academicus,
807 3578 916 3643 omnia
929 3582 1031 3646 solum

284 3682 373 3745 Scire
389 3684 496 3745 Deum
512 3681 591 3745 dicit
606 3694 638 3745 et
651 3683 773 3746 ratione
788 3684 911 3767 probat.
1065 3687 1147 3750 1140

196 3783 318 3846 Asserit
331 3797 364 3848 et
377 3803 510 3866 superos
526 3804 620 3866 quam
635 3783 770 3866 plurima
783 3785 877 3860 scire,
891 3806 951 3858 nec
967 3808 1078 3853 omnes

282 3884 408 3961 Omnia,
424 3883 571 3947 mortales
586 3885 723 3965 paucula
736 3884 818 3949 scire
833 3894 935 3968 putat,

198 3987 336 4050 Haesitat
349 3987 381 4050 in
398 3987 533 4064 cunctis,
547 3987 610 4049 nisi
626 4008 699 4070 quae
714 3988 834 4051 ratione
849 3991 1024 4072 probantur

283 4089 374 4164 Vive,
391 4092 446 4152 cu'r'
460 4101 571 4171 stupor
585 4098 712 4152 estnon
728 4089 879 4153 habuisse
893 4088 1001 4154 fidem.

498 4189 586 4257 Qum
598 4193 642 4253 sit
657 4192 745 4253 ratio
759 4192 842 4253 vim.

197 4289 282 4353 Vivit
297 4292 381 4354 enim
398 4292 490 4363 ratio,
510 4313 582 4375 qum
597 4312 655 4373 per
669 4312 703 4354 se
718 4300 795 4354 nota
809 4288 947 4372 patescit
1064 4295 1145 4354 1145

282 4396 347 4456 Aut
360 4414 417 4476 per
431 4414 466 4455 se
480 4394 565 4455 notis
582 4413 709 4474 semper
722 4391 836 4453 adesse
852 4391 943 4452 solet.

643 4510 664 4553 r
679 4497 699 4552 2
