2992 5592
271 824 336 870 cnr.
352 805 449 884 xum]
632 819 871 865 uarsmurcus.
1178 801 1218 859 88

266 973 344 1039 euim
371 992 549 1038 sermonem
578 971 673 1036 habet
700 970 740 1033 ad
768 969 936 1055 populum,
962 992 1018 1033 nec
1049 965 1214 1032 arbitrium

267 1073 342 1161 legis
371 1085 530 1158 expectat.
589 1072 666 1157 Ipsa
695 1093 828 1158 quoque
863 1071 954 1150 ratio,
982 1091 1078 1155 quam
1114 1066 1216 1131 oratio

268 1173 370 1250 restit,
381 1184 413 1237 et
430 1170 624 1236 adminiculo
640 1172 802 1246 sermonis,
813 1170 853 1234 ad
866 1171 1013 1246 animam,
1026 1193 1080 1254 per
1095 1191 1215 1244 aurem,

266 1274 457 1360 ingrediens,
481 1272 582 1359 ipsam
609 1284 726 1349 movet,
752 1272 860 1336 itidem
887 1270 1131 1356 instrumentum
1159 1286 1215 1335 est.

268 1381 368 1442 Immo
383 1376 454 1439 baec
468 1388 529 1451 est,
544 1397 618 1460 quae
634 1373 710 1438 facit
727 1388 763 1438 ut
783 1374 885 1439 oratio
901 1373 942 1438 sit
957 1374 1215 1437 instrumentum.

266 1479 377 1544 Virtus
391 1478 474 1540 enirn
491 1475 643 1540 orationis
663 1488 709 1538 est
726 1498 814 1539 mens
828 1489 926 1561 atque
947 1474 1119 1538 sententia:
1151 1473 1216 1536 sine

266 1602 331 1665 qua
356 1601 413 1643 nec
442 1579 560 1663 vigere,
585 1600 640 1641 nec
665 1598 793 1640 movere
820 1591 924 1662 potest
950 1577 1061 1641 oratio.
1107 1579 1216 1648 Quum

267 1684 374 1767 itsque
385 1679 524 1766 quaestio
539 1680 579 1743 sit
594 1677 736 1751 materia,
750 1677 831 1740 ratio
846 1677 894 1740 vel
910 1679 1012 1741 oratio
1026 1678 1216 1740 instrumen-

266 1795 346 1864 tum,
356 1781 436 1846 artis
451 1800 549 1865 opera
564 1778 769 1863 singulariter
784 1778 816 1839 iu
832 1801 869 1839 eo
885 1792 1038 1854 versatur,
1052 1791 1086 1840 ut
1102 1777 1218 1839 instru-

267 1888 363 1948 menti
378 1882 502 1968 copiam
519 1880 625 1956 faciat,
642 1893 674 1944 et
695 1880 807 1942 doceat
832 1902 924 1942 usum
941 1880 1027 1964 ejus:
1056 1878 1216 1943 materiam

266 1986 349 2049 enim
376 1996 530 2068 praestant
556 1981 767 2047 communiter
793 1995 825 2045 et
853 1981 923 2044 aliae
949 1980 1140 2066 disciplinae:
1176 1981 1216 2043 si·

265 2084 396 2170 quidem
414 2085 559 2172 undique
574 2097 741 2168 emergunt
758 2084 960 2169 quaestiones,
977 2084 1029 2147 sed
1047 2107 1108 2147 non
1126 2083 1217 2145 undi-

266 2208 330 2272 que
345 2186 567 2252 absolvuntur.

267 2376 417 2462 Cap.18.
443 2379 583 2450 Quanta
594 2379 747 2440 utilitatis
756 2379 799 2439 sit
811 2378 946 2441 scicntia
954 2377 1217 2458 probabilium

307 2498 386 2560 quae
397 2480 584 2561 simpliciter
598 2481 780 2543 necessaria
794 2501 860 2543 non
867 2481 970 2561 facile
984 2481 1195 2541 innotescunt.

309 2603 407 2668 Taua
422 2603 531 2686 itaque
546 2602 725 2681 facultates,
743 2604 907 2679 naturalis,
924 2604 1060 2678 moralis,
1076 2615 1107 2666 et
1124 2606 1218 2665 ratio-

268 2702 359 2778 nalis,
371 2703 536 2765 materiam
549 2715 715 2788 praestant:
736 2704 812 2788 quia
823 2703 957 2787 singulae
969 2725 1041 2766 suas
1052 2714 1217 2787 exponunt

267 2805 471 2886 quaestiones.
515 2802 641 2877 Quaerit
663 2805 746 2868 enirn
769 2805 884 2880 ethica,
901 2804 1085 2890 parentibus
1106 2804 1216 2884 magis,

268 2924 307 2966 sn
338 2902 477 2989 legibus,
506 2916 652 2990 oporteat
681 2905 823 2983 obedire,
853 2906 878 2970 ai
910 2906 991 2968 forte
1020 2902 1216 2968 dissentiant.

270 3003 416 3088 Phpsics,
448 3005 589 3069 muudus
618 3020 757 3071 aeternus
787 3008 839 3087 sit,
864 3018 921 3068 aut
949 3019 1136 3091 perpetuus,
1162 3017 1219 3067 aut

271 3103 398 3167 initium
419 3103 581 3182 habuerit,
596 3116 628 3168 et
649 3106 689 3170 sit
710 3106 803 3169 finem
826 3105 997 3169 habiturus
1017 3106 1049 3166 in
1065 3117 1218 3188 tempore,

270 3216 328 3268 aut
357 3204 398 3269 sit
422 3204 501 3269 nihil
526 3207 649 3271 horum.
695 3207 827 3292 Logica,
853 3229 892 3269 an
923 3205 1152 3269 contrariorum
1180 3202 1220 3269 sit

269 3304 379 3370 eadem
394 3305 573 3393 disciplina,
585 3309 735 3394 quoniam
752 3329 859 3372 eorum
875 3306 960 3369 idem
976 3329 1093 3371 sensus.
1126 3308 1221 3384 Quae·

270 3421 347 3472 runt
360 3431 439 3493 ergo
455 3409 602 3494 siugulae,
616 3423 649 3474 et
669 3408 743 3474 licet
759 3409 824 3473 suis
846 3409 1030 3474 muniantur
1045 3409 1220 3496 principiis,

269 3510 314 3572 eis
335 3522 443 3574 tamen
469 3511 590 3596 Logica
611 3511 777 3576 methodos
800 3535 883 3591 suas,
900 3512 1079 3599 compendii
1102 3514 1221 3579 scilicet

270 3611 418 3686 rationes,
441 3613 647 3678 communiter
673 3614 906 3692 subministrat,
929 3615 1014 3679 unde
1037 3638 1099 3680 non
1124 3616 1221 3680 modo
1306 3628 1314 3643 ‘

268 3711 309 3775 sd
321 3713 591 3789 exercitationem,
601 3717 656 3778 sed
668 3715 708 3778 ad
720 3716 930 3795 obviationes,
939 3729 971 3782 et
982 3717 1035 3794 ad,
1046 3720 1220 3783 secundum

268 3812 515 3900 philosophiam,
531 3812 715 3901 disciplinas
736 3816 906 3881 utilissima
925 3831 983 3883 est.
1030 3820 1111 3882 Nam
1133 3819 1221 3884 etde

269 3917 436 4002 proposito
451 3917 637 3983 methodum
661 3917 792 3999 habens,
807 3920 899 3984 facile
921 3931 1174 4006 argumentatur,
1190 3935 1223 3986 et

269 4017 324 4102 qui
340 4017 518 4082 multorum
538 4019 702 4102 opiniones
717 4022 827 4100 sciens,
843 4045 905 4087 non
926 4024 967 4088 ab
982 4024 1151 4099 extraneis,
1168 4022 1223 4086 sed

267 4140 287 4181 a
314 4119 454 4206 propriis
488 4119 633 4205 loquitur
664 4122 875 4200 documentis,
905 4125 1069 4188 commode
1101 4123 1223 4198 obviat,

270 4218 445 4284 immutans
461 4219 616 4303 quicquid
632 4244 694 4285 non
711 4223 791 4286 bene
808 4222 930 4287 dictum
946 4223 1093 4287 videtur:
1119 4235 1151 4283 et
1166 4221 1223 4305 qui

268 4320 512 4386 circumstantes
542 4322 677 4388 attendit
709 4326 856 4397 rationes,
887 4325 918 4387 in
950 4322 1082 4407 singulis
1113 4345 1220 4386 verum

268 4420 393 4488 facilius
415 4422 566 4487 discernit
585 4448 604 4486 a
626 4425 717 4501 falso,
733 4439 765 4490 et
788 4424 925 4489 habilior
947 4422 1093 4487 redditur
1115 4423 1154 4486 ad
1179 4424 1224 4488 in·

717 4535 774 4591 02
