2992 5592
185 795 275 839 sacr.
292 781 364 858 vu]
473 799 514 840 ns
531 797 661 843 sarran
678 799 849 845 sarsurus.
1070 788 1132 846 237

183 960 288 1010 autern
313 962 432 1033 postea,
448 973 547 1034 quum
572 950 691 1014 venerit
715 950 803 1034 quod
827 953 1002 1036 perfectum
1025 965 1083 1027 est,
1098 965 1130 1016 et

181 1049 311 1132 coeperit
334 1049 441 1113 videre
464 1050 568 1130 homo,
590 1074 652 1114 non
676 1074 731 1136 per
758 1051 922 1138 speculum
947 1053 1127 1137 imaginem,

181 1151 234 1214 sed
250 1152 329 1214 facie
344 1152 384 1216 ad
400 1152 511 1217 faciem
529 1156 705 1219 veritatem.
754 1159 848 1219 Nunc
870 1170 977 1220 autem
1000 1155 1127 1219 interim

182 1265 283 1317 totum
301 1255 405 1340 imago
420 1269 485 1320 est:
518 1281 592 1343 quae
607 1257 700 1343 longe
715 1280 734 1319 a
750 1258 882 1321 veritate
897 1270 957 1335 est,
971 1269 1003 1321 et
1024 1269 1131 1321 tamen

180 1353 256 1417 facit
271 1357 357 1442 qnod
383 1372 500 1441 potest,
516 1359 655 1421 animum
673 1357 790 1423 scilicet
807 1356 974 1432 convertit,
989 1358 1042 1420 scd
1067 1380 1129 1421 non

179 1457 333 1541 perducit.
381 1460 510 1524 Dicitur
532 1484 669 1546 namque
691 1461 780 1546 quod
808 1460 900 1523 Deus
922 1459 1006 1544 ignis
1029 1472 1075 1522 est
1098 1473 1130 1524 et

179 1561 346 1625 manifesta
360 1562 464 1646 ligura
480 1578 538 1638 est,
555 1585 586 1625 er
603 1577 706 1626 tamen
732 1567 822 1626 Deus
841 1562 881 1626 ad
904 1562 1129 1647 proprietatem

177 1659 260 1743 ignis
275 1683 337 1725 non
353 1678 416 1726 est:
440 1665 588 1747 quoniam
604 1663 689 1746 ignis
703 1685 819 1747 corpus
833 1676 892 1738 est,
909 1664 1000 1725 Deus
1015 1683 1131 1746 corpus

177 1787 241 1826 non
271 1779 328 1830 est.
375 1767 436 1829 Est
466 1780 572 1829 autern
603 1766 665 1829 alia
694 1780 809 1830 natura
839 1767 1023 1852 incorporea
1055 1788 1130 1849 quae

175 1866 277 1948 magis
303 1869 372 1929 Deo
394 1867 498 1930 vicina
521 1868 655 1931 dicitur:
687 1867 926 1953 scilicet,quam
953 1866 992 1928 ad
1022 1866 1127 1930 Deum

177 1968 267 2031 nobis
298 1969 443 2032 sublimis
473 1970 647 2034 similitudo
677 1972 844 2049 formatur,
870 1993 971 2056 quum
998 1970 1128 2047 dicitur,

177 2071 266 2131 Deus
292 2082 339 2132 eat
369 2071 518 2155 spiritus!
558 2072 721 2157 sapientia,
746 2074 838 2147 latio,
865 2086 896 2136 et
924 2095 1023 2144 arnor,
1050 2071 1126 2156 quia

175 2171 279 2235 anima
294 2171 425 2257 spiritus
439 2187 498 2249 est,
514 2188 546 2237 et
571 2176 702 2256 angelus
722 2175 854 2259 spiritus
869 2189 927 2250 est,
943 2187 974 2236 et
1000 2173 1029 2235 in
1055 2174 1125 2257 ipso

175 2274 288 2358 spiritu
304 2280 395 2353 ratio,
406 2275 570 2361 sapientia,
581 2289 612 2339 et
624 2299 712 2338 amor
727 2291 784 2341 est.
826 2280 870 2340 Et
887 2275 1033 2339 novimus
1045 2277 1123 2360 quid

174 2375 213 2438 sit
230 2375 359 2461 spiritus
371 2393 525 2463 quantum
539 2380 673 2442 animam
690 2379 846 2454 norimus,
860 2392 891 2442 et
908 2402 964 2464 per
975 2379 1122 2463 angelum

172 2475 308 2540 animam
331 2481 484 2542 norimus.
531 2481 637 2556 Quum
661 2503 738 2564 ergo
758 2480 907 2544 audimus
930 2481 1007 2565 quia
1033 2484 1122 2545 Deus

172 2579 302 2665 spiritus
317 2593 384 2653 est;
411 2583 589 2666 cogitamus
604 2583 739 2645 animam
763 2594 794 2644 et
810 2579 970 2666 angelum,
985 2594 1017 2646 et
1040 2584 1122 2646 aesti-

171 2704 294 2746 mamus
319 2683 569 2759 similitudinem,
593 2685 680 2770 quod
708 2683 771 2746 tale
796 2682 917 2768 aliquid
946 2687 1036 2747 Deus
1061 2697 1119 2758 est,

171 2783 276 2867 qualis
297 2785 402 2849 anima
424 2787 472 2849 vel
496 2786 637 2869 angelus,
661 2785 738 2871 quia
762 2785 893 2870 spiritus
915 2799 980 2862 est;
1011 2800 1042 2849 et
1067 2808 1118 2849 ne-

170 2887 286 2949 scimus
302 2910 395 2970 quarn
421 2886 513 2970 longe
535 2900 582 2948 est
605 2887 697 2949 hoca
713 2888 866 2948 veritate:
897 2885 984 2970 quod
1000 2888 1117 2950 inconi-

170 2987 390 3070 prehensibilis
402 3006 448 3053 est
459 2988 662 3053 excellentiae.
704 2991 740 3051 In
755 2986 809 3050 tali
820 3000 925 3052 autem
935 2987 1118 3066 collatione;

170 3111 268 3151 unum
285 3103 440 3154 aeternum
460 3105 518 3169 est,
533 3091 619 3154 aliud
642 3088 833 3174 temporale;
864 3112 963 3153 unum
986 3093 1117 3154 immen-

168 3214 250 3267 sum,
266 3192 351 3255 aliud
376 3191 668 3278 comprehensibile,
686 3214 785 3254 unum
806 3214 929 3276 semper
951 3192 1035 3255 idem
1053 3216 1116 3255 ma-

168 3313 263 3369 nens;
286 3293 372 3358 aliud
390 3294 551 3359 mutabile.
597 3296 641 3357 Et
658 3307 762 3357 tamen
779 3294 856 3378 quia
871 3293 959 3358 aliud
975 3293 1037 3356 dici
1053 3316 1114 3357 non

167 3409 282 3480 potest,
306 3398 365 3460 hoc
390 3398 526 3462 dicitur:
566 3421 605 3459 ne
631 3395 711 3459 nihil
740 3397 877 3471 dicatur,
905 3395 981 3482 quia
1011 3396 1116 3459 adhuc

166 3497 265 3582 ipsam
294 3499 456 3564 veritatem
484 3524 546 3564 non
577 3522 745 3586 possumus
774 3500 874 3562 donec
899 3499 1003 3583 figura
1031 3512 1115 3562 tran-

164 3616 242 3676 seat,
269 3616 300 3664 et
329 3606 445 3667 veritas
475 3603 640 3666 manifeste
670 3616 787 3688 pateat.
834 3605 928 3666 Nunc
952 3625 1028 3686 ergo
1051 3625 1114 3664 nra-

165 3717 239 3767 nent
264 3704 387 3787 figurae,
404 3721 440 3769 ut
457 3707 546 3790 signa
562 3704 703 3770 veritatis
723 3705 919 3791 accipiantur
940 3704 1030 3790 quasi
1057 3728 1116 3790 pru

166 3809 315 3884 veritate3
345 3808 444 3872 donec
468 3809 572 3872 veniat
595 3809 681 3894 quod
706 3810 882 3895 perlectum
906 3822 952 3872 est
984 3811 1015 3871 in
1047 3809 1115 3895 ipsa

164 3911 306 3973 veritate.
353 3912 527 3996 Propterea
551 3913 609 3974 hoc
625 3910 762 3997 primurn
789 3911 980 3997 principium
1004 3926 1034 3974 et
1054 3934 1113 3973 cae·

164 4025 231 4076 tera
253 4036 361 4077 omnes
381 4029 530 4100 quaerunt
554 4015 729 4079 studiosius
750 4018 780 4077 in
806 4015 918 4090 trivi03
944 4014 1112 4096 inquirunt

163 4116 375 4203 perspicacius
406 4118 435 4179 in
463 4117 651 4201 quadrivio;
687 4119 878 4203 perquirunt
905 4114 1111 4196 subtiliusjin

162 4218 331 4304 theologiae
361 4232 393 4282 et
423 4219 632 4305 philosophiae
670 4219 832 4282 scrutinio.
890 4218 969 4277 Haec
1005 4237 1113 4278 omnes

161 4336 323 4406 quaerunt,
341 4322 396 4384 sed
413 4344 474 4384 non
491 4321 666 4395 inveniunt,
683 4321 833 4406 quoniam
851 4316 966 4380 modus
981 4315 1113 4400 inquisi-

160 4426 254 4489 tionis
283 4442 314 4489 et
346 4425 524 4507 ignorantia
555 4423 697 4486 veritatis
719 4423 765 4484 eis
795 4418 963 4483 obsistunt.
1016 4418 1111 4483 Unde
