2992 5592
280 787 342 846 366
546 794 681 840 sossius
698 793 979 839 ssnasnnnransrs

280 950 466 1014 transitoriis
481 948 586 1030 potius
603 956 694 1008 utens
715 945 758 1008 ad
779 946 1005 1030 expediendas
1020 950 1237 1028 necessitates,

281 1071 374 1135 quam
386 1049 496 1112 fruens
510 1046 552 1111 ad
567 1047 747 1129 explendas
760 1049 1037 1131 concupiscentiae
1050 1052 1237 1135 voluptates.

281 1152 319 1214 ln
340 1151 423 1213 cibis
442 1159 476 1212 et
495 1149 627 1233 potibus
648 1151 870 1231 temperantias
891 1148 1037 1214 medium
1060 1154 1179 1232 tenuit,
1197 1176 1235 1217 ne

279 1273 410 1337 prorsus
436 1251 602 1315 abstinens
625 1263 808 1331 argueretur
832 1252 1083 1334 superstitionis,
1106 1264 1162 1316 aut
1182 1255 1236 1316 im-

279 1353 407 1417 modice
430 1373 560 1416 sumens
590 1353 721 1435 crapula
752 1365 943 1432 gravaretur.
999 1354 1122 1417 Notum
1152 1357 1233 1418 enirn

279 1455 444 1518 criminosi
470 1465 502 1517 et
524 1454 701 1536 hypocritae
723 1454 786 1516 fere
812 1453 930 1536 pariter
951 1455 1068 1532 vitans,
1093 1457 1128 1520 id
1154 1459 1232 1541 opti·

280 1577 367 1621 mum
384 1556 501 1641 jejunii
525 1578 625 1637 genus
647 1556 815 1619 arbitratus
837 1565 897 1631 est,
918 1558 1104 1620 sobrietatis
1130 1572 1232 1623 tenere

281 1679 472 1722 mensuram.
525 1659 570 1720 Et
600 1657 730 1742 quidem
765 1658 798 1719 in
829 1669 915 1719 reste
952 1659 1093 1740 pretiosa
1122 1660 1232 1742 spiritu

280 1781 414 1843 pauper,
429 1761 462 1823 in
479 1760 559 1823 facie
578 1761 654 1822 laeta
674 1759 771 1822 corde
793 1757 957 1835 contritus,
972 1760 1005 1820 in
1022 1782 1135 1824 mensa
1148 1762 1234 1824 lauta

279 1863 447 1944 penuria-m
469 1863 601 1943 eligens,
616 1881 848 1942 nonnunquam
863 1872 972 1922 ventre
994 1863 1099 1944 magis
1114 1883 1231 1926 vacuus

281 1984 378 2048 qnam
402 1963 549 2040 refectus,
570 1963 689 2045 saepius
708 1963 811 2041 magis
827 1963 1021 2025 refocillatus
1044 1985 1143 2047 quam
1167 1966 1233 2047 ple·

279 2087 354 2143 nus,
384 2086 510 2149 semper
539 2064 623 2127 enim
655 2063 780 2126 sobrius
808 2083 1011 2144 permanens,
1037 2085 1072 2127 se
1103 2063 1232 2129 cohabi-

279 2167 427 2229 tantibus
451 2165 681 2241 conformabat,
706 2165 883 2246 apostolum
907 2184 1046 2245 sequens
1069 2167 1126 2249 qni
1149 2167 1230 2228 saln-

280 2267 418 2328 berrima
441 2265 679 2347 dispensatione
702 2266 853 2326 omnibus
873 2265 982 2327 omnia
1001 2266 1107 2329 factus
1124 2278 1182 2341 est,
1197 2277 1231 2330 nt

278 2367 476 2430 lucrifaceret
502 2366 676 2428 universos.
732 2366 901 2428 Liberabat
928 2387 1105 2450 pauperem
1131 2389 1151 2431 a
1176 2389 1230 2452 po-

278 2476 376 2543 tente,
390 2476 426 2529 nt
447 2465 504 2548 qui
525 2484 634 2526 revera
657 2476 724 2526 erat
747 2463 841 2527 datus
856 2487 875 2527 a
889 2466 1033 2528 Domino
1055 2489 1228 2550 pauperum

279 2575 368 2650 pater
397 2577 429 2629 et
458 2565 660 2629 moerentinm
697 2567 887 2627 consolator.
941 2567 1105 2647 Arguebat
1133 2568 1229 2631 libere

280 2687 544 2750 quarumcunque
573 2665 649 2727 ritia
683 2675 886 2748 potestatum,
916 2667 1021 2729 sciens
1059 2666 1147 2751 quod
1176 2670 1228 2731 ubi

280 2769 408 2850 spiritus
429 2767 572 2840 Domini,
587 2766 631 2829 ibi
656 2775 889 2846 consequenter
908 2776 957 2828 cst
974 2767 1070 2829 etiam
1087 2770 1226 2832 libertas.

279 2868 441 2934 Pensabat
462 2879 568 2931 tamen
586 2867 633 2928 rir
656 2866 810 2928 discretus
832 2886 935 2929 mores
957 2868 1124 2931 hominum
1147 2891 1228 2954 quos

278 2971 431 3052 arguebat
445 2982 499 3031 atrt
514 2970 673 3043 monebat,
688 2988 729 3029 ne
750 2977 894 3029 sanctum
916 2967 1005 3032 daret
1025 2972 1158 3033 canibus
1172 2984 1226 3034 aut

277 3071 461 3152 margaritas
491 3081 652 3152 spargeret
687 3079 762 3130 ante
791 3088 917 3149 porcos.
976 3072 1023 3132 Et
1052 3073 1127 3154 quia
1155 3093 1225 3135 eum

277 3172 418 3234 coelestis
439 3171 576 3234 docebat
598 3171 718 3244 unctio,
739 3170 805 3232 sive
821 3170 956 3233 literatis
979 3173 1046 3235 sire
1069 3173 1225 3236 illiteratis

276 3273 536 3355 colloquebatur:
568 3273 681 3333 mirum
708 3272 740 3333 in
768 3270 896 3332 modum
927 3271 1072 3336 eruditus
1100 3286 1134 3337 et
1162 3275 1225 3337 elo·

265 3392 379 3454 ‚quens
409 3374 595 3455 apparebat,
626 3382 658 3434 et
685 3371 870 3455 praedicatio
895 3370 966 3453 ejus
990 3383 1055 3435 tam
1085 3375 1225 3457 pondere

274 3475 502 3536 sententiarum
529 3495 623 3558 quam
650 3458 786 3557 puritate
811 3476 976 3536 verborum
1002 3476 1138 3556 placens
1162 3490 1226 3540 erat

274 3585 307 3634 at
331 3577 458 3638 efficax.
507 3575 585 3638 Post
606 3577 718 3658 epulas
742 3586 846 3637 autem
869 3589 901 3637 et
922 3596 1070 3639 somnum
1092 3579 1149 3640 ubi
1170 3600 1224 3641 ne·

272 3673 405 3734 cessitas
434 3677 588 3755 poscebat
618 3686 780 3748 exactum,
810 3674 916 3737 denuo
945 3684 1062 3756 praeter
1090 3699 1224 3759 pensum

271 3770 430 3847 horarum,
446 3783 501 3833 aut
518 3775 658 3854 negotiis
678 3788 733 3837 aut
753 3774 915 3856 scripturis
930 3785 985 3837 aut
998 3776 1145 3840 honestis
1159 3779 1223 3841 eol·

271 3871 389 3956 loquiis
402 3871 580 3946 insistebat,
597 3876 696 3935 otium
713 3896 914 3958 summopere
929 3876 1066 3956 fugiens,
1083 3899 1124 3941 ne
1139 3878 1224 3941 ride·

270 3985 341 4037 rent
360 3995 432 4037 eum
451 3975 571 4052 hostes,
592 3984 624 4036 et
646 3974 828 4038 deriderent
846 3975 979 4038 sabbata
1000 3977 1080 4059 ejus.
1126 3978 1221 4050 Quod

270 4087 375 4136 autern
403 4086 561 4138 nocturno
587 4096 701 4138 somno
727 4076 797 4137 sine
821 4075 933 4155 pandi
956 4075 1126 4158 dispendio
1153 4099 1220 4141 eor·

268 4174 356 4255 poris
373 4175 530 4238 deducere
550 4186 684 4258 poterat,
698 4174 837 4237 lacrimis
852 4188 885 4237 et
898 4175 1097 4239 orationibus
1113 4177 1217 4241 indul-

268 4274 375 4353 gebat,
390 4288 422 4337 et
436 4277 697 4340 meditationibus
713 4275 844 4350 sanctis,
855 4276 1076 4339 castimoniam
1093 4289 1219 4342 sectam

267 4371 301 4433 in
325 4392 468 4455 corpore,
489 4396 616 4438 servans
636 4376 669 4436 in
690 4373 787 4438 corde
810 4373 1008 4457 pudicitiam,
1028 4376 1217 4441 modestiam
