2992 5592
271 814 338 858 can.
357 793 432 873 xv.]
629 813 868 858 nurntoorous.
1186 801 1227 857 39

271 962 385 1027 Primae
406 974 440 1025 et
459 959 610 1024 secuudae
624 956 774 1046 personae‘
788 964 985 1049 pronomina,
1002 964 1103 1026 verbis
1118 963 1225 1047 inepte

269 1065 524 1150 conjunguntur,
535 1062 593 1127 nisi
604 1085 699 1127 causa
709 1064 915 1141 discretionis,
926 1078 983 1129 aut
995 1063 1223 1149 significantiae,

269 1168 340 1232 licet
350 1167 413 1232 sibi
427 1167 505 1231 satis
517 1181 695 1252 congruant
708 1168 883 1232 accidentia
897 1167 1082 1233 dictionum.
1113 1169 1224 1252 Nuga-

271 1268 359 1332 torioe
375 1282 483 1333 autem
498 1266 648 1332 dictionis
664 1268 827 1344 rationem,
838 1291 899 1332 non
916 1269 968 1333 bic
980 1270 1025 1332 ita
1036 1259 1173 1344 cbarcto‚
1185 1282 1222 1332 ut

270 1368 352 1432 idem
369 1367 555 1453 frequenter
571 1368 687 1447 dicere,
701 1368 916 1454 intelligatur:
936 1383 973 1434 ut
988 1370 1014 1433 si
1029 1370 1059 1431 in
1076 1368 1222 1432 substan-

271 1470 346 1546 tivo,
366 1469 575 1556 adjectivum,
595 1470 682 1554 quod
706 1471 738 1533 in
762 1494 799 1534 eo
822 1470 1024 1556 intelligitur,
1043 1471 1116 1556 quis
1138 1470 1221 1535 forte

270 1570 410 1655 adjiciat,
424 1569 523 1654 quale
543 1583 604 1645 est,
621 1575 711 1635 ltorno
730 1576 903 1636 rationalia
925 1574 1086 1644 ambulo&
1111 1569 1166 1632 sed
1181 1568 1221 1632 ad

271 1693 393 1734 omnem
422 1671 548 1734 dicendi
579 1671 713 1735 formam
739 1673 937 1746 extenditur,
964 1672 1019 1735 ubi
1045 1671 1220 1735 dictionum

266 1773 420 1856 junctura
435 1772 569 1847 inutilis,
580 1786 611 1837 et
628 1772 865 1858 quodammodo
881 1796 948 1837 suae
961 1772 1039 1855 legis
1053 1771 1223 1857 implendae

271 1872 414 1937 inefficax
430 1882 488 1938 cst.
536 1874 598 1937 Sed
614 1895 670 1936 nec
685 1874 810 1939 inutilis
824 1886 871 1937 est
882 1875 1049 1960 junctura,
1063 1874 1137 1938 licet
1153 1873 1223 1937 salsi

269 1983 344 2034 nota
365 1970 417 2045 sit,
434 1982 465 2034 et
482 1970 568 2055 quod
585 1992 669 2034 nnnc
685 1970 836 2056 explicat,
853 1994 937 2035 nunc
961 1971 1105 2035 involvit.
1152 1971 1221 2033 Lex

271 2071 351 2135 enim
374 2070 598 2155 grammatices
617 2070 743 2135 mentiri
768 2093 829 2134 non
853 2071 1011 2157 probibet.
1033 2071 1091 2134 eni
1115 2094 1151 2134 ea
1174 2093 1222 2133 so-

271 2174 409 2250 cientur,
429 2196 469 2237 ex
490 2173 610 2259 quibus
632 2172 751 2252 nullus,
771 2172 887 2257 linguae
910 2174 1054 2258 peritiam
1080 2173 1221 2247 babenti,

271 2273 417 2359 provenit
428 2272 620 2338 intellectus.
657 2274 709 2337 Ex
726 2297 764 2336 eo
779 2287 883 2339 autern
901 2273 1056 2360 liquidius
1069 2287 1128 2349 est,
1144 2275 1222 2360 quia

270 2375 378 2459 primis
388 2374 646 2438 secundariorum
656 2387 839 2459 competens
849 2398 909 2438 non
922 2375 959 2438 fit
969 2375 1119 2461 adjectio:
1133 2376 1221 2461 quod

269 2481 293 2542 si
316 2476 476 2563 adjectiva
499 2475 742 2561 aequipollenter
763 2476 796 2538 in
819 2476 881 2539 alia
900 2476 1099 2541 resolvantur
1121 2480 1172 2560 (ut
1195 2478 1220 2540 si

269 2578 351 2642 sorte
367 2577 525 2641 reddatur
538 2598 598 2660 pro
613 2576 795 2641 nominibus
815 2577 973 2658 definitio)
991 2577 1219 2662 appositionem

270 2677 505 2766 aequipollentis
522 2677 646 2741 termini
662 2698 864 2762 nequaquam
881 2677 1024 2741 horrebit
1039 2677 1175 2755 animus,
1189 2691 1221 2742 et

267 2782 365 2867 ipsius
387 2778 537 2863 adjectivi
553 2776 700 2843 secundm
724 2777 935 2864 impositionis
957 2777 1142 2842 formidabit
1164 2801 1221 2842 au-

269 2884 385 2948 ditum.
431 2881 531 2946 Verbi
546 2880 661 2967 gratia,
675 2885 852 2963 propositio
868 2883 1077 2964 predicatioc
1091 2891 1148 2961 est,
1163 2882 1222 2947 boc

269 2983 522 3071 acquipollentur
545 2981 675 3045 videtur
696 3004 843 3061 asserere,
857 2983 945 3066 quod
969 2982 1165 3067 simpliciter,
1188 2983 1221 3046 id

270 3101 328 3161 eat,
346 3086 411 3149 sine
426 3083 608 3148 conditione
622 3081 732 3167 aliqua
754 3083 910 3158 enuntiat,
930 3096 986 3145 aut
1006 3081 1094 3165 quod
1118 3084 1224 3147 termi-

271 3206 348 3249 num
373 3184 487 3247 habeat
512 3181 731 3269 praedicatum.
779 3181 916 3244 Dicatur
937 3203 1025 3263 ergo,
1041 3184 1155 3245 tunica
1176 3191 1224 3247 eat

269 3287 460 3368 categorica,
490 3283 624 3348 haerebit
654 3280 849 3358 intellectus,
879 3281 921 3345 ob
956 3280 1144 3366 adjectionis
1177 3283 1223 3348 in-

270 3387 527 3473 competentiam,
554 3399 586 3451 et
612 3385 695 3449 sorte
722 3384 817 3449 citius
844 3382 883 3446 de
908 3383 1018 3469 inepta
1044 3384 1221 3451 dictionum

266 3490 421 3574 junctura
448 3487 645 3564 causabitur,
676 3509 772 3572 quam
803 3485 958 3550 mendacii
988 3509 1076 3551 reum
1107 3502 1223 3573 arguat

272 3603 510 3676 proponentem.
555 3589 611 3655 Sin
639 3601 746 3652 autem
769 3587 867 3664 dicat,
891 3590 1003 3652 tunica
1027 3591 1223 3670 simplabiter,

268 3692 300 3755 id
324 3705 371 3756 est
394 3694 466 3756 eine
486 3692 677 3768 conditione,
697 3691 822 3770 aliquid
843 3693 1010 3768 mundat,
1031 3699 1092 3755 aut
1117 3696 1223 3756 termi-

270 3813 350 3857 num
372 3793 467 3856 trabat
487 3792 711 3874 predicatum,
735 3790 842 3853 statim
861 3788 979 3853 salsum
999 3804 1112 3876 arguet
1134 3793 1224 3857 audi·

271 3906 332 3969 tor,
354 3913 412 3956 nec
434 3906 540 3955 tamen
560 3890 625 3955 cito
646 3887 787 3976 prosiliet
806 3889 847 3952 ad
867 3890 1043 3955 causandas
1059 3892 1224 3976 juncturae

269 3995 415 4081 ineptias.
447 3984 573 4078 Utique
590 4015 691 4078 quum
707 3991 826 4055 dicitur
841 3992 1018 4079 propositio
1034 3991 1222 4079 categorica,

269 4096 464 4179 intelligitur
490 4094 610 4158 habens
639 4092 848 4180 praedicatum
880 4095 1062 4172 terminum,
1086 4109 1118 4158 et
1148 4095 1223 4158 sub·

264 4198 408 4283 jectum:
436 4196 544 4272 Quum
561 4216 646 4273 vero,
661 4197 863 4277 aylbgiemua
884 4198 1091 4277 categoricus,
1106 4193 1225 4276 signifi-

267 4313 370 4378 catur,
386 4297 540 4383 quoniam
561 4316 602 4358 cx
622 4295 809 4381 categoricis
828 4307 961 4359 constat.
1006 4295 1126 4372 Equus
1140 4302 1223 4359 catc-

265 4405 396 4481 goricua
416 4396 573 4482 quicquid
599 4396 765 4482 significet,
787 4397 932 4479 ignotum
953 4392 1072 4456 habeo:
1102 4393 1156 4457 sed
1177 4394 1223 4460 in·
