2992 5592
278 774 396 884 osni]
610 823 851 869 uerunoatcus.

483 1087 564 1168 Cap.
586 1091 631 1149 lt).
657 1089 708 1150 De
723 1086 868 1150 utilitate
881 1093 991 1149 octavi.

305 1222 514 1286 Patruinus
529 1233 577 1284 est
596 1218 737 1283 omnium
757 1221 930 1305 peritorum
951 1220 1122 1298 artificum,
1137 1222 1214 1287 artis

271 1346 327 1389 suae
350 1323 567 1387 iustrumenta
592 1342 784 1408 praeparare,
808 1335 980 1407 antequam
1007 1323 1213 1408 experiantur

271 1446 366 1501 nsum,
381 1446 423 1488 ne
440 1437 576 1488 conatus
590 1425 731 1510 propriae
749 1423 912 1489 facultatis
931 1423 1033 1488 inanis
1052 1425 1104 1502 sit,
1118 1424 1143 1487 si
1159 1425 1215 1488 do-

268 1524 396 1591 mesticis
422 1527 564 1590 caruerit
589 1525 821 1590 instrumentis.
869 1527 920 1590 Sic
946 1527 979 1588 in
1011 1548 1044 1589 re
1076 1525 1217 1606 militari,

268 1625 416 1713 praevidet
431 1625 501 1690 dux
517 1648 616 1704 srma,
632 1640 663 1690 et
680 1625 908 1712 impedimenta
923 1627 1055 1691 militiae.
1101 1627 1217 1691 Archi-

267 1740 373 1809 tectus,
380 1749 486 1814 quum
502 1726 723 1792 instrumentis
739 1728 903 1792 materiam
920 1726 1089 1812 perquirit,
1103 1728 1136 1791 in
1152 1751 1217 1813 qua

267 1851 303 1909 se,
317 1843 349 1895 et
364 1830 433 1906 illa,
449 1842 606 1893 exerceat.
653 1833 761 1894 Nauta
777 1828 914 1905 clavum,
931 1830 1093 1906 rudentes,
1105 1851 1218 1909 remos,

266 1932 425 2010 anchoras,
445 1944 476 1995 et
498 1945 612 1995 caetera
631 1931 751 2017 navigii
774 1944 968 1995 armamenta
988 1930 1159 2017 componit,
1180 1946 1217 1997 ut

266 2054 369 2097 eorum
401 2032 506 2097 frctus
535 2030 742 2108 adminiculo,
775 2032 972 2117 propositum
1007 2033 1085 2099 artis
1118 2035 1217 2121 possit

266 2135 380 2199 rentiam
406 2132 568 2221 expedire.
616 2135 733 2219 ltaque
759 2135 827 2222 pari
854 2134 960 2213 modo,
982 2138 1030 2200 rei
1051 2141 1219 2202 rationalis

266 2238 381 2324 opific,
397 2249 431 2301 et
446 2237 551 2321 campi
563 2236 675 2300 doctor
691 2259 812 2312 eorum,
829 2238 883 2322 qui
897 2237 1049 2323 Logicam
1066 2239 1217 2324 profiten-

266 2349 327 2415 tur,
336 2336 369 2401 in
382 2334 638 2423 praecedentibus
650 2334 859 2399 iustrumenta
870 2334 1066 2420 disputandi,
1078 2351 1110 2400 et
1125 2336 1217 2423 quasi

268 2462 354 2505 arma
377 2450 530 2525 tyronum
555 2457 696 2511 suorum,
722 2436 836 2501 locavit
862 2437 893 2500 in
919 2459 1026 2519 arena,
1050 2438 1127 2502 dum
1154 2461 1218 2502 ser·

267 2562 395 2606 monum
419 2537 610 2624 simplicium
627 2538 886 2623 significationem
908 2539 1079 2616 evolveret,
1094 2555 1125 2604 et
1141 2540 1217 2604 item

267 2639 524 2706 enunciationum
545 2642 752 2724 locorumque
774 2651 918 2702 naturam
942 2639 1089 2724 aperiret.
1135 2641 1219 2703 Cou-

268 2755 437 2829 sequeuter
458 2752 564 2803 autem
592 2739 877 2805 instrumentorum
901 2740 1086 2804 exercitium
1113 2740 1218 2814 docet,

267 2854 297 2906 et
310 2839 552 2928 quodammodo
567 2839 793 2924 congrediendi
812 2855 911 2904 artem
930 2840 1095 2925 tyronibus
1111 2837 1221 2918 tradit,

268 2955 298 3007 et
318 2941 412 3028 quasi
436 2940 578 3002 membra
601 2953 724 3004 moveat
748 2941 1001 3019 colluctantium,
1022 2939 1220 3026 proponendi

268 3057 298 3108 et
306 3040 745 3130 respondendi,couvinoendi
756 3056 787 3105 et
798 3041 964 3117 evadendi,
976 3042 1043 3105 vias
1055 3054 1220 3115 monstrat,

268 3156 298 3208 et
312 3165 381 3207 eam
404 3154 538 3229 propter
557 3164 654 3227 quam
674 3156 791 3207 caetera
804 3142 966 3227 praemissa
988 3155 1074 3218 sunt,
1089 3140 1221 3205 faculta-

269 3258 329 3309 tem
345 3243 516 3332 praeccptis
531 3242 692 3309 informat.
740 3248 787 3310 Ut
803 3257 910 3307 autem
927 3243 1096 3326 praemissae
1113 3242 1222 3306 simili·

271 3344 391 3410 tudinis
401 3364 575 3430 sequamur
590 3345 839 3431 proportionem,
851 3344 1121 3430 quemadmodum
1138 3358 1221 3410 cate·

268 3446 428 3530 gutiarum
459 3443 695 3524 elementarius,
727 3447 1005 3532 periermeniarum
1037 3447 1220 3533 syllabicus,

271 3546 425 3633 praemissi
441 3547 549 3632 topici,
564 3547 749 3612 dictionales
764 3549 836 3612 libri
853 3563 941 3615 sunt:
967 3551 1011 3614 sic
1024 3551 1221 3638 Topioorum

270 3659 406 3725 octocuu
433 3649 685 3712 constructorius
713 3663 762 3713 est
793 3650 964 3729 rationum,
990 3674 1127 3738 quarum
1159 3656 1221 3716 ele·

270 3767 385 3826 ments,
412 3750 462 3814 vel
489 3750 569 3830 loca,
595 3751 627 3814 in
656 3753 911 3836 praecedentibus
936 3767 1111 3818 monstrata
1136 3762 1222 3818 sunt.

273 3848 369 3915 Solus
393 3849 504 3935 itaque
532 3864 677 3914 versatur
701 3851 731 3913 in
757 3855 936 3940 praeceptis,
961 3878 1000 3918 ex
1027 3855 1146 3940 quibus
1171 3877 1223 3918 ars

275 3951 529 4037 compaginatur,
541 3964 574 4015 et
585 3951 659 4035 plus
669 3953 793 4018 confert
803 3956 843 4019 ad
857 3958 1019 4022 scientiam
1037 3955 1223 4031 disserendi,

275 4048 298 4112 si
313 4049 498 4114 memoriter
512 4050 670 4116 habeatur
685 4040 838 4132 in'corde,
854 4071 886 4120 et
901 4060 975 4142 jugi
990 4057 1141 4121 exercitio
1157 4078 1225 4116 ver-

274 4165 359 4216 setur
371 4151 406 4215 in
422 4173 530 4236 opere,
542 4175 636 4237 quam
653 4175 762 4217 omnes
773 4157 837 4220 sere
851 4155 924 4221 libri
938 4157 1133 4229 Dialecticae,
1144 4176 1224 4238 quos

275 4253 417 4318 moderni
438 4266 650 4337 praeceptores
669 4258 767 4319 nostri
782 4257 814 4320 iu
836 4257 950 4320 scholis
971 4258 1074 4340 legere
1095 4276 1224 4318 consue·

275 4367 402 4419 verant:
433 4374 507 4416 uam
528 4353 595 4416 siue
613 4376 662 4430 eo,
682 4377 743 4418 nou
765 4356 948 4439 disputatur
969 4372 1048 4434 arte,
1063 4355 1116 4419 sed
1138 4378 1223 4420 casu.

276 4454 438 4518 Ceterum
453 4465 490 4517 ut
512 4452 683 4536 plurimum
706 4456 818 4539 prosit,
832 4455 967 4518 aliorum
990 4453 1163 4518 necessaria
1177 4468 1225 4522 est

724 4563 778 4618 μὶ
