2992 5592
274 788 335 846 190
528 798 664 844 scansus
680 797 959 842 sanasamnausrs
1082 780 1165 860 [arn.
1182 801 1222 847 rv.

271 947 481 1035 implendum:
500 949 544 1012 ait
554 948 650 1026 enim,
662 960 780 1012 nonest
791 959 915 1011 mutata
927 945 1019 1023 fides,
1031 949 1092 1012 etsi
1105 950 1225 1013 variata

271 1051 332 1114 siut
356 1063 508 1134 tempora.
552 1052 597 1113 Et
621 1071 688 1125 nos,
710 1061 742 1111 et
765 1047 821 1123 illi,
844 1047 976 1110 eandem
1001 1047 1223 1134 amplectimur

270 1151 448 1230 veritatem,
463 1150 517 1213 sed
533 1149 604 1213 aliis
619 1162 652 1214 et
666 1149 737 1212 aliis
753 1149 950 1212 sermonibus
966 1148 1189 1233 praedicamus.

271 1320 352 1405 Cap.
368 1320 419 1382 33.
445 1321 535 1394 Quid
548 1324 591 1383 ait
606 1320 729 1383 rationi
742 1324 957 1394 contrarium,
973 1326 1004 1383 et
1018 1322 1105 1402 quod
1117 1323 1225 1384 multis

341 1423 441 1484 modis
455 1423 574 1486 dicitm
588 1426 672 1485 ratio
684 1447 695 1494 ,·
719 1431 751 1484 et
764 1441 836 1501 que
851 1424 993 1483 rationes
1009 1426 1162 1486 eterna?

317 1557 461 1619 Naruna
485 1577 560 1618 vero
588 1553 754 1638 Angelica,
780 1575 855 1638 quoe
884 1553 981 1617 noxio
1007 1578 1141 1640 corpore
1165 1578 1224 1618 non

272 1655 430 1732 tardatur,
460 1670 492 1722 et
529 1656 647 1721 divinae
684 1653 817 1740 puritati
852 1654 1042 1720 familiarius
1079 1656 1223 1734 inhaeret,

271 1756 403 1821 rationis
431 1758 625 1843 incorruptae
654 1758 741 1839 viget
769 1755 924 1819 acumine.
980 1757 1028 1820 Et
1058 1756 1131 1821 licet
1162 1779 1222 1820 non

271 1858 440 1944 aequaliter
465 1859 537 1921 Deo
561 1871 675 1920 cuncta
704 1856 875 1934 examinet,
901 1879 939 1919 ea
964 1865 1069 1920 tamen
1097 1857 1225 1921 rationis

272 1959 485 2044 praerogativa
514 1958 649 2033 ditatur,
676 1967 710 2023 ut
739 1956 829 2020 nullo
855 1956 1080 2043 supplantetur
1108 1980 1223 2021 errore.

272 2061 320 2123 At
336 2057 475 2121 humana
486 2058 664 2137 infirmitas,
675 2081 750 2143 quae
766 2069 831 2120 tam
843 2077 883 2121 ex
895 2056 1072 2122 conditione
1087 2070 1222 2136 naturae,

272 2181 367 2244 quam
383 2160 497 2222 merito
517 2159 632 2245 culpae,
652 2159 765 2223 multis
785 2171 873 2245 patet
895 2157 1063 2235 erroribus,
1077 2161 1176 2222 immo
1191 2172 1224 2223 et

270 2273 367 2345 capta
386 2258 507 2324 labitur
522 2283 541 2322 a
554 2262 658 2345 prima
673 2273 705 2324 et
721 2260 861 2324 secunda
880 2259 1031 2345 puritate,
1052 2258 1225 2345 degenerat

271 2360 303 2423 in
315 2360 547 2424 examinatione
559 2383 676 2439 rerum,
688 2361 720 2425 id
734 2374 793 2440 est,
804 2362 837 2424 in
849 2360 1000 2425 exercitio
1012 2363 1154 2424 rationis.
1178 2363 1224 2424 Et

270 2461 349 2546 quia
363 2460 596 2526 incertitudinis
617 2461 740 2526 lubrico
755 2462 893 2535 vacillat,
908 2461 1120 2546 apprehendit
1136 2461 1224 2547 quod

271 2570 387 2645 potest,
401 2573 434 2624 et
457 2582 540 2624 nunc
561 2585 601 2625 ex
621 2560 687 2626 lida
709 2584 815 2625 rerum
839 2560 1047 2626 similitudine
1062 2583 1154 2625 veras
1170 2585 1225 2625 ex·

268 2673 357 2725 ercet
368 2661 542 2747 opiniones,
554 2685 639 2727 nunc
654 2664 788 2750 decepta
800 2663 889 2726 vanis
904 2660 1110 2747 imaginibus,
1121 2663 1226 2728 falsas.

274 2762 309 2826 Si
325 2762 408 2826 enim
424 2785 474 2826 res
494 2776 531 2827 ut
551 2787 584 2828 se
604 2763 701 2828 habet
721 2762 1014 2849 comprehenditur,
1030 2785 1105 2827 vera
1119 2765 1227 2849 opinio

272 2877 338 2927 eat:
369 2878 401 2929 et
427 2866 453 2928 si
479 2865 524 2928 sic
549 2865 646 2929 verbo
668 2865 853 2951 exponitur,
879 2876 929 2928 est
956 2885 1031 2927 vera
1060 2862 1223 2950 loquutio:

272 2963 359 3029 unde
382 2965 543 3029 nonnullis
565 2965 838 3052 philosophorum,
860 2963 1069 3050 probabiliter
1091 2965 1225 3050 placuit,

272 3066 451 3144 veritatem,
466 3066 552 3131 unde
566 3064 675 3154 opinio
691 3089 765 3130 vera
780 3066 910 3140 dicitur,
925 3078 982 3130 aut
1002 3088 1105 3130 sermo
1122 3089 1226 3144 verus,

272 3168 363 3249 quasi
389 3168 549 3255 quendam
575 3167 716 3233 medium
743 3166 890 3232 habitum
915 3190 983 3232 esse
1009 3189 1129 3242 rernm,
1154 3191 1228 3252 quae

271 3270 495 3334 examinantur
516 3270 712 3334 extrinsecus
733 3267 775 3332 ad
798 3268 963 3332 rationem.
1012 3267 1046 3331 Si
1066 3269 1153 3332 enim
1180 3271 1226 3334 eis

271 3366 410 3431 fideliter
425 3369 456 3432 iu
473 3368 683 3432 examinando
698 3368 859 3444 innititur,
869 3381 956 3431 certa
970 3379 1030 3443 est,
1044 3388 1102 3430 nec
1116 3367 1226 3452 aliquo

271 3465 400 3530 vacillat
419 3489 535 3531 errore.
582 3470 698 3553 Itaque
721 3467 851 3544 locutio,
872 3490 946 3553 quae
960 3488 1037 3530 vera
1060 3466 1227 3544 dicitur,a

270 3563 366 3628 modo
380 3589 475 3650 quem
492 3568 607 3644 innuit,
624 3568 759 3633 modalis
780 3568 971 3654 appellatur.
1018 3571 1101 3633 Item
1117 3569 1227 3655 opinio

270 3685 357 3742 vera,
377 3687 396 3730 a
417 3666 513 3730 modo
534 3669 750 3755 percipiendi;
774 3683 807 3733 et
829 3668 911 3733 ratio
932 3690 1007 3732 vera
1029 3690 1049 3730 a
1070 3670 1226 3754 qualitate

270 3764 425 3828 examinis
445 3765 503 3830 sui.
549 3772 615 3832 Res
636 3791 767 3855 quoque
787 3766 934 3852 singulae,
949 3790 1033 3832 verae
1050 3767 1223 3834 dicuntur:

270 3877 308 3928 ut
337 3863 433 3928 homo
462 3888 568 3941 verus,
598 3888 693 3931 verus
718 3867 849 3944 candor,
875 3867 953 3932 dum
978 3869 1011 3932 in
1039 3866 1089 3930 his
1120 3868 1227 3935 taliter

270 3964 493 4050 percipiendis,
518 3965 639 4030 nullius
665 3966 814 4052 imaginis
839 3967 1063 4054 phantasmate
1091 3969 1227 4033 circum-

271 4066 417 4133 veniatur
441 4067 560 4153 opinio.
605 4068 703 4133 Fides
731 4080 837 4133 autem
868 4066 1071 4132 examinandi
1103 4092 1164 4147 res,
1189 4084 1226 4136 ut

270 4190 355 4233 verae
384 4169 544 4246 dicantur,
573 4170 773 4235 convincitur
805 4173 996 4257 plerumque
1026 4191 1047 4233 a
1076 4169 1224 4237 duobus:

271 4269 390 4336 scilicet
405 4271 454 4335 vel
470 4296 489 4338 a
502 4272 605 4336 forma
627 4270 826 4347 substantia,
842 4270 894 4334 vel
909 4270 951 4334 ab
970 4270 1086 4337 effectu
1101 4272 1226 4338 formae.

269 4372 330 4434 Est
351 4371 434 4436 enim
455 4395 549 4437 verus
570 4372 675 4449 homo,
696 4372 750 4435 cui
765 4393 841 4434 vera
864 4371 945 4435 inest
965 4370 1168 4439 humanitas:
1193 4373 1228 4438 id
