2992 5592
603 829 829 877 surusrrcus.
1128 820 1194 878 26⁹

325 976 462 1059 Nomen,
478 982 689 1065 philosophus
704 986 776 1048 haec
792 985 869 1049 t‘aoit
884 997 981 1068 atque
997 984 1103 1047 docet

239 1082 319 1145 Haec
335 1095 367 1147 et
381 1084 569 1149 Aristoteles
585 1086 681 1149 fertur
697 1086 846 1151 docuisse
861 1085 1038 1172 loquendo,
1127 1090 1190 1149 sat

322 1185 448 1250 Fortius
462 1187 622 1271 exemplis
636 1189 774 1272 quilibet
788 1188 850 1251 ista
865 1187 970 1251 docet

450 1287 503 1351 De
518 1289 657 1352 Platone
670 1297 700 1352 et
717 1290 867 1370 dogmate
880 1290 960 1368 ejus.

235 1388 278 1450 At
292 1387 385 1451 Plato
401 1403 592 1475 symmystes
607 1391 672 1456 veri
689 1391 857 1473 distinguit
871 1391 904 1454 in
921 1390 1001 1474 ipsis

297 1490 306 1501 “
321 1488 508 1568 scibilibus,
524 1491 603 1576 quid
618 1513 668 1556 res
683 1492 765 1556 scire
780 1504 888 1555 creata
901 1501 1008 1576 queat

235 1589 319 1652 Nam
335 1591 412 1655 licet
426 1593 584 1657 interdum
601 1595 677 1657 fidei
693 1595 852 1658 contraria
867 1593 965 1670 dicat,

321 1689 405 1755 Sunt
419 1706 526 1757 tanuen
541 1695 627 1758 illius
641 1695 781 1779 plurima
796 1707 884 1777 grata
898 1693 1003 1758 bonis.
1125 1693 1190 1755 940

235 1790 400 1874 Principio
416 1792 512 1856 docet
527 1816 596 1867 esse
611 1796 730 1869 Deum,
746 1794 916 1876 distinguit
930 1795 971 1857 ab
987 1815 1055 1857 mro

320 1892 464 1977 Tempus
479 1904 512 1957 et
527 1893 615 1958 ideas
629 1895 782 1979 applicat,
798 1906 887 1978 aptat
902 1895 1010 1977 hylen.

635 1994 688 2058 De
702 1996 783 2076 hyle.

235 2091 363 2155 luvenit
377 2094 461 2157 hanc
476 2095 613 2174 animus,
628 2095 705 2160 dum
721 2107 840 2159 cuncta
854 2096 982 2160 resolvit
997 2096 1138 2178 agitque,

320 2196 367 2258 Ut
380 2196 519 2279 prodant
534 2217 647 2260 causas
662 2213 782 2261 cuncta
796 2209 902 2261 creata
917 2219 1000 2260 suas.

233 2295 266 2358 Si
282 2299 456 2379 specularis
471 2300 578 2384 hylen,
594 2322 679 2365 nunc
696 2311 746 2364 est
761 2301 940 2364 substantia
954 2301 1087 2385 qumvis,
1123 2303 1186 2362 stt

318 2401 439 2467 Contra
453 2425 539 2468 nuuc
555 2403 666 2468 eadem
682 2404 822 2468 creditur
836 2426 905 2468 esse
921 2403 1011 2469 nihil.

232 2499 335 2572 Quam
351 2501 429 2565 dum
443 2504 580 2587 vestigat
594 2505 685 2582 ratio,
701 2505 794 2589 quasi
809 2505 936 2568 somnia
950 2508 1057 2584 sentit,

317 2603 468 2689 Dumque
484 2616 592 2668 tenere
609 2606 712 2688 cupis,
727 2626 805 2668 mox
818 2604 952 2686 fugitiva
967 2607 1052 2670 latet.

231 2704 325 2767 Auris
339 2708 452 2770 abesse
468 2728 584 2769 sonum
600 2705 646 2768 sic
662 2704 762 2780 audit,
778 2702 853 2766 dum
870 2704 950 2766 nihil
965 2704 1065 2769 audit

318 2803 373 2870 Sic
389 2806 492 2871 oculis
507 2808 654 2869 tenebras
668 2825 763 2867 cerne
779 2802 918 2867 ridendo
933 2805 1023 2869 nihil.
1121 2811 1185 2869 tto

231 2906 431 2992 Deiectuque
446 2929 504 2971 suo
519 2908 566 2970 sic
584 2917 689 2968 tactus
702 2905 806 2988 tangit
821 2905 925 2983 inane,

317 3007 497 3090 insipidum
513 3018 626 3089 gustus
640 3006 686 3069 nil
702 3004 857 3088 sapiendo
873 3007 996 3087 probat,

229 3109 274 3173 Et
288 3110 368 3173 nihil
384 3109 538 3172 olfaciens
553 3109 667 3192 procul
682 3129 752 3171 esse
768 3107 903 3171 revincit
918 3107 1043 3187 odores,

317 3211 382 3283 Qui
397 3211 485 3293 prius
500 3220 632 3292 argutus
648 3230 763 3272 censor
777 3207 885 3271 odoris
902 3221 976 3272 erat

264 3315 316 3378 De
331 3312 411 3388 Deo,
424 3311 522 3390 cujus
533 3312 679 3393 potentia
694 3316 742 3373 est
755 3310 892 3396 efficiens
905 3329 1006 3374 curua
1023 3311 1146 3379 mundi.

228 3416 289 3479 Est
305 3416 394 3478 Deus
409 3422 556 3491 aeternus,
573 3411 711 3476 mundus
726 3434 799 3476 cum
814 3424 956 3496 tempore
972 3415 1083 3499 coepit,
1117 3421 1182 3481 stt

316 3516 380 3579 Hic
397 3527 514 3591 manet,
529 3525 561 3578 at
576 3530 703 3598 tompus
717 3527 833 3579 coetera
848 3529 965 3578 cuncta
980 3529 1094 3581 moret

228 3619 290 3681 Per
304 3639 453 3681 numeros
468 3617 626 3682 elementa
640 3619 702 3682 sibi
718 3618 877 3683 contraria
892 3630 1025 3682 necteus

315 3719 425 3783 Vincit
439 3732 472 3783 et
486 3730 605 3784 aeterna
620 3741 700 3804 pace
716 3720 819 3802 vigere
834 3720 920 3784 lacit.

228 3823 320 3897 Quod
338 3841 502 3896 numerus,
517 3823 660 3904 pondm,
682 3843 843 3900 mensura,
865 3824 962 3900 heus,
978 3831 1104 3906 tempta
1122 3826 1182 3890 ribi

462 3925 760 3990 commensurabilia
774 3945 841 3988 non
855 3933 944 3989 sunt.

225 4028 359 4092 Subdita
373 4028 545 4112 primorum
561 4049 711 4111 generum
726 4027 786 4091 sibi
803 4041 976 4111 symmetra
991 4048 1054 4090 uon
1071 4040 1145 4090 sunt

312 4132 382 4193 Nec
398 4129 495 4192 simili
509 4132 660 4212 antigena
674 4130 733 4193 sub
750 4130 873 4193 ratione
889 4127 1019 4193 cadunt.
1116 4130 1180 4190 960

225 4232 392 4315 Temporis
407 4246 503 4317 atque
518 4233 582 4297 loci
598 4255 661 4296 non
679 4245 729 4295 est
744 4232 910 4316 proportio
924 4240 1013 4303 nota,

311 4333 473 4394 Mensurae
488 4333 568 4395 ratio
582 4330 734 4415 ponderis
748 4351 820 4393 esse
836 4328 958 4412 nequit.

225 4432 390 4497 Prredictis
406 4452 557 4494 numerus
573 4443 765 4513 asymmeter
780 4441 840 4509 ost,
856 4441 889 4490 ct
904 4428 935 4491 in
951 4427 1022 4490 istis
