2992 5592
545 834 769 881 uu'runrroos.
988 802 990 805 ’
1076 818 1139 876 989

267 989 421 1066 Nomina,
436 1010 470 1053 se
486 991 587 1053 solam
603 1000 691 1053 secta
706 988 846 1072 superba
859 988 984 1070 probat.

179 1086 277 1152 Unde
293 1102 398 1155 tamen
413 1094 554 1175 populus
570 1092 630 1154 sibi
647 1090 819 1154 commoda
834 1089 947 1172 quaerit
962 1099 995 1151 et
1009 1085 1073 1164 isti,

270 1192 360 1263 Quos
375 1193 493 1275 pariter
507 1192 589 1255 sallit
604 1191 753 1254 utilitatis
767 1189 877 1253 amor?

177 1291 277 1368 Pane,
291 1313 390 1370 mero,
405 1292 522 1375 pannis
537 1293 669 1372 vulgato
686 1313 772 1354 more
786 1291 943 1366 fruuntur,

265 1395 311 1455 Et
325 1396 443 1478 placet,
459 1407 494 1458 ut
507 1394 612 1471 nobis,
627 1395 714 1456 lauta
728 1392 838 1457 culina
853 1390 926 1453 sibi.
1046 1388 1129 1450 1570

173 1494 310 1557 Divitias
326 1506 468 1578 captant,
477 1495 571 1579 juvat
585 1497 707 1578 absque
723 1496 833 1557 labore
848 1493 1009 1573 voluptas,

264 1595 309 1655 Et
324 1595 412 1676 capit
425 1593 584 1656 interdum
600 1593 719 1656 blanda
733 1595 900 1675 latensque
915 1592 1037 1653 Venus.

176 1693 267 1757 Seria
281 1715 367 1756 nunc
383 1695 516 1774 agitant,
533 1693 627 1756 modo
643 1692 764 1756 cedunt
778 1693 860 1756 seria
874 1689 979 1771 nugis,

265 1791 307 1857 Et
322 1795 520 1857 stomachum
538 1796 646 1876 placat
661 1794 765 1856 hostia
781 1803 871 1874 grata
885 1791 987 1873 gulaa3

176 1895 279 1957 Escas
295 1894 349 1957 dat
363 1916 533 1958 commune
548 1896 662 1968 forum,
678 1907 852 1978 potumque
868 1894 1000 1956 taberna
1047 1895 1129 1954 1575

261 1994 462 2070 Communis,
477 2007 578 2057 vestes
593 2015 659 2057 una
673 1994 830 2057 ministrat
844 1994 924 2071 ovis,

175 2097 240 2159 Sed
256 2096 295 2159 de
311 2097 474 2159 communi
490 2109 592 2160 vestes
607 2098 819 2181 alimentaque
833 2105 975 2169 sumunt,

261 2197 447 2259 Dummodo
463 2197 642 2260 communis
658 2196 756 2260 cerdo
771 2198 813 2260 sit
827 2209 923 2279 atque
938 2214 1084 2277 coquus;

175 2299 259 2359 Nam
274 2298 336 2361 sibi
352 2299 477 2360 formari
493 2310 598 2361 vestes
614 2299 798 2381 victumque
813 2297 917 2381 parari
1117 2300 1121 2309 '

260 2397 405 2475 Lautius,
417 2399 567 2482 exposcit
580 2420 699 2461 nomen
715 2399 878 2481 honorque
895 2396 1019 2459 domus.
1045 2398 1127 2458 1580

413 2500 465 2564 Dc
479 2501 637 2564 Basienis
651 2507 683 2564 et
697 2502 878 2564 Meclaria.

173 2596 341 2661 Consonat
356 2600 472 2662 erranti
488 2601 620 2674 Bauius,
635 2601 807 2664 benedicta
822 2597 981 2662 remordet

260 2698 409 2776 Maevius,
422 2700 582 2763 oblatrant
594 2723 603 2776 3
618 2721 703 2763 error
717 2701 865 2783 utrinque
882 2697 996 2779 gravis.

174 2798 318 2868 Quilibet
332 2800 464 2863 istorum
480 2799 536 2863 dat
551 2810 650 2864 sectae
666 2822 795 2877 nomen,
810 2810 842 2861 et
856 2809 968 2861 auctor

260 2899 382 2961 Exstat
396 2900 454 2975 eis,
470 2920 551 2981 quos
566 2910 600 2962 tu
615 2920 701 2982 saepe
717 2898 826 2962 videre
841 2900 937 2961 soles.

171 2998 310 3060 Maevius
324 3009 357 3060 et
372 2999 491 3061 Bauius
506 3020 632 3082 semper
647 3010 819 3062 careantur
833 3008 870 3061 ut
884 2997 1006 3073 hostes,
1041 2999 1124 3059 1585

257 3099 303 3160 Et
318 3097 419 3179 fugias
435 3097 562 3162 Catium
578 3120 651 3162 cum
668 3099 840 3182 Corydona
857 3118 927 3160 suo.

518 3198 571 3261 De
587 3199 791 3263 Cariniunis.

170 3301 276 3372 Quem
294 3298 391 3360 vitare
406 3299 533 3382 nequis,
547 3299 675 3362 studeas
690 3302 818 3384 placare
834 3300 999 3377 Carinum,

258 3400 360 3484 Cujus
375 3402 416 3463 ab
431 3400 560 3463 arbitrio
576 3421 644 3464 sors
659 3411 714 3464 tua
729 3422 815 3485 saepe
831 3402 925 3465 venit.

170 3504 234 3565 Illa
248 3523 423 3584 paucorum
440 3502 516 3565 satis
532 3513 580 3565 est
594 3503 746 3566 meruisse
762 3505 911 3580 savorem,

256 3607 297 3668 In
313 3627 447 3689 quorum
464 3614 589 3668 ventres
603 3607 691 3669 lauta
706 3607 813 3671 culina
828 3607 900 3685 ruit,
1039 3604 1123 3668 1590

168 3710 312 3781 Quorum
328 3728 404 3770 cura
418 3729 535 3792 penum
552 3708 633 3771 solet
648 3730 801 3772 evacuare
815 3708 970 3786 bibendo,

255 3810 301 3871 Et
315 3810 403 3872 bona
417 3810 587 3892 marsupiis
602 3811 735 3893 publica
749 3822 836 3874 tecta
849 3811 960 3874 latent.

171 3911 216 3973 Hi
231 3924 379 3973 metuunt
393 3923 538 3995 sumptus
553 3912 730 3996 faciemque
746 3913 859 3975 viantis
873 3913 979 3989 amici,

258 4014 343 4076 Nam
358 4013 508 4076 meretrix
522 4013 585 4076 illis
600 4014 674 4096 plus
689 4015 859 4097 peregrina
873 4014 991 4096 placet.

168 4114 256 4193 Ergo
266 4112 343 4196 qnid
353 4124 518 4197 expectas,
527 4125 562 4176 ut
571 4115 613 4177 sit
624 4115 681 4177 tibi
693 4112 882 4177 commodus
891 4111 1022 4195 hospes,
1039 4115 1120 4173 1595

257 4215 331 4291 Cui,
345 4217 407 4278 nisi
423 4214 576 4292 colludat,
592 4216 682 4278 nulla
696 4216 803 4298 puella
818 4211 949 4295 placet?

334 4315 482 4382 Qualiter
496 4314 688 4378 versandum
704 4315 796 4395 opud
810 4313 955 4392 hospites.

168 4412 235 4478 Sed
250 4413 326 4498 quia
341 4426 432 4497 turpe
447 4414 544 4476 nimis
559 4413 718 4497 peregrini
733 4414 790 4476 lite
806 4410 937 4488 moveri,

214 4533 286 4577 von.
302 4533 332 4576 v.
648 4530 671 4574 o
