2992 5592
372 795 435 854 952
649 803 787 849 romnis
802 801 1083 846 sanasnnnraxsrs

373 961 495 1031 Mente,
506 979 611 1032 manu,
623 955 743 1039 lingua,
757 955 781 1017 si
794 952 875 1039 quid
886 952 965 1015 bene
978 952 1114 1038 quilibet
1126 967 1236 1017 aetum
1262 961 1326 1019 415

460 1058 593 1137 Viderit,
606 1056 692 1121 illius
707 1055 767 1119 hoc
781 1076 865 1140 opus
880 1076 946 1116 esse
962 1054 1053 1118 sciat.

372 1159 444 1225 Hoc
459 1161 525 1223 sine
541 1159 583 1223 nil
600 1172 684 1223 recte
699 1157 833 1242 geritur,
850 1154 904 1219 sed
921 1178 978 1219 nec
993 1156 1076 1220 male
1091 1157 1265 1243 quisquam

458 1263 531 1328 Hoc
547 1275 676 1325 auctore
690 1273 808 1344 gerunt
823 1281 911 1322 mens
926 1281 991 1338 rea,
1006 1257 1129 1344 lingua,
1145 1281 1269 1323 manus.

646 1364 820 1447 Quirfim's
830 1363 1049 1444 philosophia.

370 1466 460 1530 Finis
475 1487 579 1528 amare
596 1464 712 1537 Deum,
730 1462 799 1527 vitii
816 1461 904 1547 luga,
919 1462 1027 1526 cultus
1041 1462 1177 1539 honesti,

457 1569 530 1630 Sese
546 1589 646 1644 nosse,
662 1566 769 1628 Deum
786 1565 877 1642 scire,
894 1577 1001 1628 tenere
1016 1564 1160 1639 modum,
1256 1571 1320 1627 420

369 1667 520 1754 Cognitio
536 1669 614 1748 reri,
628 1667 740 1732 muudi
756 1677 969 1751 contemptus,
985 1688 1091 1729 amare

455 1770 610 1848 Virtutes,
626 1769 705 1834 felix
721 1769 798 1844 rita,
814 1768 957 1832 modesta
972 1767 1074 1853 quies,

368 1874 452 1938 Sana
467 1871 556 1949 fides,
571 1894 643 1958 spes
659 1884 745 1935 certa
760 1869 848 1941 boni,
865 1868 1005 1956 vitaque
1019 1869 1167 1955 perennis

453 1973 569 2049 Amba,
585 1973 644 2037 sub
659 1986 789 2058 aspectu
807 1993 932 2056 semper
946 1971 1065 2035 habere
1080 1973 1195 2035 Deum.

365 2074 460 2138 Meus
474 2074 614 2138 humana
629 2072 702 2138 lioet
716 2077 748 2138 in
764 2073 886 2137 cunctis
901 2073 998 2138 rebus
1012 2071 1161 2146 abundet,
1249 2075 1315 2136 425

451 2177 539 2251 Quas
554 2174 646 2260 polus
659 2189 811 2250 ostentat,
826 2199 907 2262 quas
921 2175 996 2240 dare
1007 2189 1092 2239 terra
1106 2186 1219 2261 potest,

365 2276 565 2343 Distrahitur
580 2275 691 2339 multis
706 2291 738 2340 et
754 2277 879 2362 maguis
896 2275 990 2341 anxia
1005 2271 1091 2340 curis

451 2377 709 2461 Perpetuumque
724 2375 841 2439 famem
858 2377 991 2440 sustinet
1009 2387 1105 2461 atque
1120 2374 1216 2452 sitim,

363 2478 546 2561 Torquetur
561 2497 695 2561 semper,
712 2476 855 2560 requiem
872 2499 935 2540 non
951 2476 1073 2539 invenit
1088 2496 1234 2560 usquam,

451 2577 490 2639 Se
507 2574 566 2640 nisi
581 2599 683 2662 quum
700 2579 817 2662 retegit
831 2576 934 2661 gloria
949 2599 1035 2653 vera,
1053 2576 1150 2640 Deus.
1250 2580 1313 2639 430

633 2682 685 2747 De
695 2681 803 2766 gloria
818 2703 903 2745 vana
918 2689 950 2746 et
960 2703 1044 2746 cera.

363 2782 475 2847 Gloria
491 2806 569 2847 rana
584 2783 660 2850 facit
675 2785 819 2863 miseros,
835 2784 890 2849 sed
907 2806 981 2847 vera
995 2784 1115 2855 beatos,

448 2885 508 2951 llla
523 2899 627 2954 tumet
644 2886 733 2964 vitio,
748 2886 869 2971 gaudet
884 2898 915 2950 et
932 2886 993 2952 ista
1010 2884 1092 2948 Deo.
1183 2869 1191 2883 ’

362 2985 442 3053 Fine
458 3010 531 3051 suos
547 2988 603 3052 tali
618 3011 706 3051 sacra
722 2987 840 3074 pagina
855 2986 953 3051 donat
969 2987 1098 3066 amians,

447 3089 636 3176 Cultorique
650 3091 705 3177 pio
719 3089 861 3153 calculus
876 3088 935 3152 iste
951 3087 1060 3167 datur,

360 3188 512 3256 Calculus
526 3193 697 3277 optandus,
713 3192 788 3278 quia
802 3191 942 3256 continet
957 3190 1064 3255 omnia
1078 3191 1191 3256 mentis
1248 3191 1311 3254 435

447 3296 539 3374 Vota,
554 3316 611 3358 nec
625 3295 779 3371 admittit,
795 3295 820 3358 si
836 3292 916 3381 quid
931 3294 1042 3358 obesse
1058 3306 1162 3380 potest
1175 3317 1185 3365 ς

360 3392 393 3455 Si
408 3394 488 3478 quid
503 3396 612 3461 obesse
627 3410 744 3483 potest,
760 3421 778 3461 a
793 3420 826 3461 se
841 3395 991 3483 propellit
1005 3408 1038 3460 et
1052 3411 1139 3461 arcet

445 3497 490 3559 Et
506 3496 582 3562 facit
597 3499 638 3561 ad
653 3512 768 3564 nutum
785 3520 912 3562 currere
927 3496 1009 3561 secla
1023 3519 1128 3562 sunm.

356 3595 461 3658 Nemo
476 3594 592 3658 referre
608 3609 712 3684 potest
729 3597 824 3675 bona,
839 3618 912 3683 quae
928 3618 1016 3659 sacra
1031 3596 1148 3683 pagina
1161 3597 1284 3661 confert

443 3692 522 3771 lllis,
539 3694 595 3778 qui
612 3697 862 3785 sataguutjussa
876 3707 982 3760 tenere
999 3696 1072 3761 Dei.
1245 3704 1306 3761 tto

471 3795 563 3868 Quod
577 3795 690 3858 divina
701 3800 830 3877 pagina
847 3799 961 3878 regina
975 3803 1022 3861 est
1036 3800 1188 3861 aliarum.

357 3897 437 3966 Hac
453 3895 680 3981 scripturarum
698 3899 807 3981 regina
823 3914 967 3979 vocatur,
980 3896 1110 3963 eandem

443 3996 591 4059 Divinam
607 3996 731 4072 dicunt,
748 4020 819 4061 uam
835 3997 912 4062 facit
927 4019 993 4063 esse
1008 4000 1102 4065 Deos.

355 4097 416 4168 Est
432 4121 530 4172 sacra,
546 4121 697 4184 personas
712 4112 743 4162 et
760 4120 809 4162 res
824 4122 897 4185 quoe
912 4112 1075 4165 consecrat
1089 4121 1217 4171 omnes;

442 4200 534 4265 Hanc
549 4216 646 4287 caput
661 4202 804 4285 agnoscit
817 4199 1022 4286 Philosophia
1038 4223 1152 4274 suum;

353 4304 440 4374 IIuic
455 4327 563 4367 omnes
578 4317 661 4368 artes
676 4301 825 4376 famulae,
848 4301 1031 4366 mechanica
1046 4325 1184 4388 quaeque
1238 4310 1303 4367 415

441 4407 611 4491 Dogmata,
627 4430 699 4493 quae
715 4403 810 4468 variis
826 4404 937 4468 usibus
952 4418 1029 4489 apta
1043 4402 1144 4480 vides,
