2992 5592
274 799 336 859 286
535 809 672 854 scannia
688 806 971 854 sinnssunrunsrs

273 964 370 1028 Curia
382 983 525 1043 nugaces
539 964 627 1025 solos
641 972 736 1039 amat,
753 960 854 1036 audit,
868 961 1021 1039 honorat,

359 1066 451 1126 Artes
465 1084 581 1126 exosas
596 1062 720 1125 aulicus
734 1061 840 1125 omnis
855 1061 968 1141 habet,

273 1168 365 1229 Artes
380 1163 486 1226 virtuti
500 1163 692 1226 famulantes
707 1162 831 1226 aulicus
845 1161 926 1240 odit,

359 1262 423 1328 Sed
439 1265 578 1330 famulas
592 1264 697 1327 carnis
711 1264 835 1327 aulicus
850 1266 957 1329 omnis
973 1278 1075 1332 amat.
1160 1277 1239 1335 1470

270 1370 343 1432 Hos
358 1369 439 1432 aulae
454 1389 560 1431 moros
574 1366 779 1430 funambulus
794 1366 905 1429 intulit
920 1367 988 1447 illc,

358 1470 434 1546 Qui,
450 1468 538 1552 quod
552 1465 729 1551 praesumit,
744 1469 815 1549 legs
830 1477 939 1531 tuctur
954 1470 1019 1534 avi.

271 1571 335 1645 Qui
350 1571 479 1653 sapiunt
493 1589 596 1652 nugas
611 1579 643 1631 ct
656 1566 804 1644 crimina,
817 1568 889 1648 lege
905 1582 1080 1651 vocantur,

359 1671 425 1745 Qui
438 1680 522 1734 recto
537 1668 676 1751 sapiunt,
689 1669 745 1732 lox
754 1667 850 1751 jubet
863 1669 909 1731 ire
925 1669 1024 1734 foras.

315 1775 409 1844 Quod
422 1775 457 1835 in
474 1769 722 1834 correctionibus
735 1771 961 1834 insinuatione
975 1778 1154 1840 utendum.

272 1877 361 1958 Ergo
377 1897 458 1960 quos
473 1875 550 1938 ratio
566 1874 687 1937 directa
701 1872 812 1955 nequit
826 1892 976 1936 rovocare
1155 1884 1236 1944 lm

359 1981 387 2041 A
402 1973 497 2054 vitiis,
509 1987 637 2040 revocat
650 1974 841 2037 insinuantis
855 1995 948 2056 opus,

272 2082 358 2143 Nam
374 2080 456 2142 sicut
474 2078 575 2156 verbi,
590 2078 637 2140 sic
653 2075 828 2139 insinuatio
843 2074 916 2139 vitu

358 2181 451 2263 Saepc
467 2180 659 2242 reluctantes
673 2176 715 2239 ad
730 2197 789 2240 sna
803 2189 877 2239 vota
890 2177 998 2243 trahit.

271 2282 393 2344 Fortior
408 2290 456 2342 est
470 2280 555 2351 vitae,
569 2300 667 2361 quam
682 2279 724 2341 sit
739 2278 903 2360 persuasio
917 2282 1021 2356 verbi,

357 2380 440 2441 Nam
457 2376 585 2460 paribus
601 2378 717 2440 studiis
732 2378 925 2442 conciliatur
938 2402 1050 2457 amon
1152 2386 1236 2448 1480

271 2479 470 2543 Conciliatus
485 2499 574 2541 amor
588 2479 713 2541 animos
728 2479 820 2559 ligat,
834 2481 980 2563 imperat,
995 2497 1102 2565 urget,

358 2583 405 2645 Ut
419 2581 484 2643 duo
497 2600 563 2642 non
579 2580 645 2643 duo
659 2581 734 2657 sint,
749 2602 831 2664 quos
844 2581 918 2664 pius
934 2584 1006 2647 unit
1020 2605 1123 2648 amor.

272 2681 326 2747 Sic
343 2705 431 2748 amor
446 2682 488 2746 ad
503 2684 624 2767 quoevis
639 2693 769 2746 sauctus
784 2684 868 2745 bona
884 2684 970 2764 cogit
985 2699 1147 2765 amantes,

357 2788 441 2850 Nam
457 2786 535 2848 facit
548 2786 600 2848 hic
617 2785 707 2861 votis,
723 2781 809 2867 quod
823 2784 902 2848 facit
915 2785 970 2848 illo
984 2807 1095 2851 manu.

269 2887 334 2951 sed
351 2907 468 2963 vereor,
483 2886 581 2949 frusta
596 2907 636 2947 ue
651 2884 863 2948 cancellarius
877 2885 986 2963 instet,
1148 2894 1231 2954 1480

357 2991 404 3054 Ut
417 3001 517 3052 mutct
530 3008 635 3050 mores
650 2989 723 3050 aula
737 2988 876 3070 superba
890 3008 975 3052 suos.

267 3090 413 3155 Mundus
428 3092 513 3154 cuim
528 3090 626 3153 lucris
639 3090 753 3165 inhiat,
761 3088 963 3174 juvenesque
979 3112 1141 3176 senosque

355 3191 500 3256 Muneris
514 3192 651 3255 incestat
664 3191 837 3275 imperiosa
851 3191 961 3269 sames,

267 3295 488 3376 Excaecatque
505 3292 598 3367 viros,
614 3292 732 3375 quibus
745 3301 795 3354 est
809 3291 926 3355 collata
941 3306 1098 3376 potestas,

354 3393 483 3456 Tcudat
494 3401 530 3455 nt
540 3391 581 3455 ad
593 3393 704 3456 sordes
714 3392 867 3477 quaelibet
878 3396 986 3478 ampla
995 3395 1124 3462 domus.
1145 3403 1230 3463 1490

266 3497 377 3558 AEstus
393 3495 532 3557 avaritiae
547 3495 728 3577 sapientum
744 3494 840 3559 corda
853 3497 984 3578 perurit,

352 3594 472 3657 Polluit
487 3596 652 3673 ccclesias,
666 3608 779 3660 sancta
792 3598 924 3679 profana
937 3597 1026 3663 facit.

264 3695 361 3760 Orbis
376 3707 533 3757 amatores
547 3717 659 3760 omncs
673 3698 734 3761 hac
750 3707 840 3780 peste
854 3695 1009 3777 laborant,

350 3795 436 3857 AEris
451 3805 653 3879 contemptor
668 3819 759 3862 rarus
773 3798 807 3861 in
822 3800 899 3864 orbe
914 3814 1032 3865 munet.

265 3895 1121 3985 Hucubi‚quando,quibusvelqualiterinsinnentur‚
1140 3908 1228 3970 lias

352 3999 448 4075 Cura,
462 4019 503 4060 nc
518 4019 631 4081 pereas
646 4004 828 4082 garrulitate
842 4015 907 4068 tua.

266 4103 328 4164 Est
341 4101 474 4165 indocta
487 4102 586 4184 loqui,
602 4122 677 4185 quae
693 4105 796 4167 nescit
809 4105 920 4187 lingua
933 4119 1052 4180 tacere,

353 4202 516 4279 floccida,
531 4224 601 4286 quae
617 4205 702 4267 verbi
717 4205 820 4268 nescit
834 4206 953 4270 habore
968 4207 1112 4270 modum.

267 4303 536 4385 Sunt'uugatores
550 4304 682 4377 inimici,
698 4316 834 4388 suntque
851 4308 977 4388 tyranni

352 4404 464 4466 Falsus
479 4403 702 4488 philosophus,
718 4425 834 4484 ganeo,
849 4427 956 4470 senna
970 4406 1049 4484 tibi„
1138 4412 1225 4474 loco
