2992 5592
269 793 334 841 ose.
350 775 405 856 ιι]
625 793 865 840 uursuoutcus.
1160 784 1222 845 llo

270 942 404 1008 vicissim
416 954 495 1009 sunt
507 941 628 1011 indices
638 944 784 1021 aliarum,
795 944 880 1012 unde
891 945 1058 1033 legentem,
1070 946 1219 1036 plurima,

268 1057 322 1110 sut
342 1043 446 1124 nulls,
469 1057 528 1111 aut
551 1044 743 1133 paucissima
758 1045 868 1113 latent.

270 1232 345 1320 Cap.
361 1240 394 1297 2.
414 1233 470 1298 De
492 1233 740 1317 categoriarum
758 1238 913 1313 utilitate,
932 1245 964 1302 et
984 1241 1220 1304 instrumentis.

308 1352 586 1419 Carmomnu
604 1351 686 1417 liber
707 1352 895 1432 Aristotelis,
918 1354 1140 1421 elementarius
1160 1369 1220 1446 est,

267 1465 298 1518 et
323 1451 505 1518 accedentis
532 1451 575 1517 ad
605 1452 758 1540 logicam
787 1455 1024 1543 quodammodo
1052 1457 1221 1523 infantiam

269 1555 407 1642 excipit,
435 1566 553 1622 tractat
572 1554 656 1620 enim
679 1554 721 1620 de
736 1557 934 1623 sermonibus
953 1558 1174 1644 incomplexis,
1186 1560 1220 1624 in

267 1678 304 1720 eo
315 1655 408 1744 quod
422 1677 530 1721 rerum
551 1654 753 1743 significativi
769 1669 863 1722 sunt:
891 1680 957 1744 quo
971 1658 1051 1725 nihil
1071 1659 1161 1744 prius
1174 1672 1222 1727 est

267 1757 353 1846 apud
376 1756 600 1824 Dialecticum.
645 1757 822 1824 Proemittit
843 1772 952 1824 autem
974 1759 1015 1824 de
1038 1759 1221 1848 aequivocis,

270 1859 424 1938 univocis,
450 1870 483 1926 et
510 1859 765 1938 denominativis,
792 1861 944 1947 quoniam
969 1885 1079 1927 eorum
1109 1863 1222 1930 notitia

269 1961 442 2044 definienti,
452 1960 619 2040 dividenti,
633 1975 666 2028 et
680 1961 844 2049 colligenti
859 1966 1034 2050 plurimum
1046 1966 1223 2031 necessaria

269 2077 324 2129 eet.
371 2061 538 2151 Siquidem
563 2064 776 2151 aequivocatio
801 2064 918 2131 multos
942 2065 1065 2133 inducit
1089 2089 1221 2146 errores,

269 2163 419 2247 silateat,
432 2178 466 2231 et
486 2169 685 2254 negotiantes
703 2165 848 2253 impedit,
864 2168 889 2232 si
912 2191 995 2234 unus
1017 2170 1136 2236 nesciat
1155 2193 1222 2257 quo

268 2267 350 2333 ierat
375 2265 458 2332 alius
482 2266 689 2333 intellectum.
737 2267 945 2335 Manifestato
970 2284 1089 2353 autem,
1114 2285 1150 2338 ut
1176 2273 1221 2338 ait

271 2368 465 2448 Aristoteles,
491 2382 574 2456 quot
600 2369 703 2436 modia
728 2370 867 2452 dicatur,
891 2384 923 2437 et
948 2371 989 2437 ad
1014 2374 1094 2461 quid
1117 2375 1222 2441 ferens

270 2486 377 2561 ponat,
393 2472 585 2538 ridiculosus
596 2471 756 2540 videbitur
766 2475 1014 2561 interrogans,si
1030 2500 1093 2541 non
1104 2477 1144 2542 ad
1161 2478 1222 2543 hoc

271 2593 446 2641 sermonem
458 2574 567 2640 iaciat.
597 2574 698 2641 Utilis
709 2590 815 2642 autem
828 2576 913 2641 etad
926 2600 988 2643 nou
999 2579 1222 2664 paralogizari,

270 2689 301 2743 et
315 2676 356 2742 ad
377 2675 606 2763 paralogizare.
653 2678 793 2742 Scientes
815 2678 901 2742 enim
922 2680 1071 2763 quotiens
1092 2678 1221 2755 dicitur,

270 2800 330 2843 non
358 2776 667 2864 paralogizabimur;
701 2777 756 2842 sed
780 2777 915 2842 sciemus
938 2780 1049 2842 sinon
1072 2777 1114 2841 ad
1136 2777 1221 2843 idem

271 2899 446 2945 sermonem
458 2876 565 2959 iaciat,
577 2877 633 2964 qui
646 2876 838 2962 interrogat:
862 2891 895 2943 et
906 2878 967 2964 ipsi
979 2876 1223 2963 interrogantes,

271 2979 446 3068 poterimus
475 2978 701 3066 paralogizare,
731 3001 856 3066 semper
884 2978 1027 3066 quidem,
1058 2977 1084 3043 si
1112 3001 1223 3045 eorum

273 3107 341 3169 qnae
365 3081 587 3168 multipliciter
616 3081 781 3158 dicuntur,
807 3079 871 3145 alia
899 3080 1021 3146 fuerint
1051 3103 1136 3157 vera,
1162 3079 1224 3146 alia

273 3185 367 3254 filas:
392 3185 453 3250 nisi
464 3197 496 3250 et
508 3183 534 3248 is
548 3181 607 3270 qui
618 3182 789 3270 respondet
803 3179 926 3248 noverit
937 3182 1085 3268 quotiens
1095 3181 1222 3249 dicitur.

272 3288 487 3356 Univocorum
503 3310 632 3374 quoque
647 3299 678 3351 et
695 3283 1015 3366 denominativorum,
1026 3284 1106 3350 adeo
1121 3308 1225 3352 necea

272 3394 352 3459 tona
365 3402 415 3456 est
433 3387 584 3476 cognitio,
602 3401 638 3454 ut
658 3388 727 3453 hoec
743 3386 805 3451 tria
823 3384 942 3451 scilicet
965 3386 1138 3472 aequivoca,
1155 3387 1225 3454 uni·

273 3513 357 3573 voua,
371 3505 405 3557 et
425 3489 672 3570 denominativa,
687 3502 805 3555 asserat
831 3487 975 3554 Isidorus
993 3489 1224 3577 categoriarum

272 3595 500 3664 instrumenta:
525 3595 682 3682 siquidem
698 3618 912 3682 quacumque
927 3595 1156 3682 predicantur,
1166 3610 1225 3662 aut

270 3696 446 3785 aequivoce,
461 3709 519 3763 aut
539 3696 682 3778 univoce,
697 3711 755 3762 aut
775 3696 1022 3780 denominative,
1038 3699 1104 3764 suis
1122 3698 1224 3785 appli-

269 3812 381 3865 cantur
403 3799 565 3888 subjectis.
610 3799 789 3885 AEquivoce
810 3799 954 3886 quidem,
977 3799 1087 3865 sinon
1111 3798 1223 3865 eodem

274 3923 383 3968 sensu:
422 3900 569 3977 univoce,
598 3900 624 3965 si
655 3899 786 3965 eodem:
826 3901 1072 3980 denominative,
1104 3901 1130 3966 si
1161 3923 1224 3966 non

272 4025 400 4088 prorsus
422 4001 548 4078 eodem
570 4023 627 4066 nec
649 4025 779 4088 prorsus
801 4003 874 4085 alio,
895 4004 951 4069 sed
977 4003 1142 4089 adjacente
1165 4001 1225 4068 sibi

273 4103 434 4171 vicinitate
448 4104 588 4189 quadam
604 4103 767 4171 intellectu
785 4107 965 4185 verborum,
980 4105 1063 4169 sicut
1079 4115 1226 4167 manente

273 4207 495 4272 conformitate
515 4228 639 4274 vocum.
685 4206 737 4272 sic
758 4231 778 4272 a
799 4208 939 4273 bonitate
960 4206 1075 4281 bonus,
1094 4223 1114 4264 a
1134 4201 1226 4267 forti-

272 4307 383 4372 tudine
396 4305 491 4370 fortis
504 4304 635 4384 dicitnr,
652 4320 688 4373 ut
703 4330 744 4373 ex
759 4308 829 4395 ipsa
849 4307 1019 4372 verborum
1033 4301 1137 4364 forma
1151 4323 1221 4386 per·

276 4409 434 4495 pendatur
459 4406 694 4493 quodammodo
716 4409 865 4494 adjacens
884 4401 1073 4470 intellectus.
1120 4402 1225 4480 Unde,
