2992 5592
266 787 329 848 862
529 794 665 839 Joanurs
680 791 963 838 saussururuusrs

265 950 409 1024 antistiti,
419 946 484 1031 juri
496 945 581 1008 civili
598 967 728 1028 operam
741 944 842 1021 dedit,
853 956 886 1008 et
901 965 966 1027 quo
983 965 1043 1027 per
1059 944 1220 1026 experien-

265 1053 341 1117 tiam
357 1069 459 1112 rerum
474 1046 602 1109 facilius
618 1045 873 1128 dispensationis
885 1045 1123 1109 ecclesiasticas
1139 1066 1222 1107 usum

264 1159 525 1233 consequeretur,
539 1169 559 1209 a
574 1146 707 1230 praelato
730 1145 978 1227 archiepiscopo
1003 1159 1128 1209 sanctae
1143 1145 1220 1208 Cau·

264 1251 433 1316 tuaricnsis
448 1247 603 1325 ecclesias,
619 1270 638 1311 a
653 1247 745 1330 cujus
761 1247 913 1309 uben'bns
930 1248 1109 1324 coaluerat,
1125 1246 1220 1310 archi·

156 1421 160 1428 ‚
267 1352 424 1414 diaconus
447 1342 610 1412 institutus
632 1359 691 1425 est,
712 1347 762 1426 [ut
783 1348 841 1423 sic,
857 1349 929 1410 Deo
953 1348 1137 1426 ordinante,
1152 1361 1223 1411 tem·

202 1479 204 1483 ·
266 1473 344 1535 pore
367 1472 436 1527 suo,
451 1448 551 1530 gradu
574 1470 644 1525 suo,
665 1449 804 1531 locoque
827 1469 898 1523 suo,
920 1448 1172 1512 archidiaconus
1192 1450 1220 1509 in

266 1553 543 1634 archiepiscopum
559 1549 824 1633 promoveretur]

306 1653 385 1715 Post
400 1648 519 1714 modici
534 1651 688 1733 temporis
700 1650 910 1726 intervallum,
922 1671 1022 1733 quum
1041 1650 1123 1713 Dux
1140 1651 1217 1713 Nor·

266 1754 403 1815 mauniae
434 1764 465 1815 et
496 1751 676 1834 Aquitaniae
702 1750 878 1826 Henricns,
908 1751 1061 1813 Gausridi
1093 1750 1222 1814 Comitis

267 1853 509 1934 Andcgaveusis
539 1865 572 1916 et
600 1852 745 1916 Matildis
780 1852 998 1933 Irnperatricis
1033 1853 1134 1929 filius,
1160 1854 1222 1932 regi

268 1955 434 2038 Stephano
449 1955 483 2017 in
499 1976 631 2036 regnum
647 1954 773 2035 Angliae
792 1952 1014 2030 successisset,
1029 1957 1222 2021 elaboratum

267 2071 316 2120 est
330 2059 370 2120 ab
386 2055 550 2119 antedicto
565 2057 818 2139 archiepiscopo,
834 2067 869 2117 ut
884 2051 1134 2119 archidiaconus
1149 2076 1222 2120 suus

267 2155 357 2236 regni
373 2155 584 2219 cancellarius
600 2157 783 2218 efficeretur.
829 2155 908 2217 Erat
923 2154 1008 2217 enim
1030 2156 1061 2218 ei
1076 2169 1223 2239 suspecta

266 2255 483 2320 adolescentia
497 2257 591 2336 regis,
604 2268 636 2319 et
645 2257 801 2339 juvenum
817 2267 850 2318 et
864 2277 1035 2338 pravorum
1047 2256 1221 2335 hominum,

268 2374 402 2439 qnorum
418 2355 564 2417 consiliis
583 2356 635 2434 agi
658 2356 831 2434 videbatur,
847 2357 1069 2440 insipientiam
1091 2371 1124 2422 et
1137 2357 1222 2421 mali·

267 2456 344 2517 tiam
367 2453 577 2527 sor-midaban
607 2466 640 2517 et
662 2477 703 2516 ne
725 2457 881 2522 instinctu
903 2479 1012 2522 eorum
1036 2461 1224 2525 insolentius

267 2566 376 2638 ageret
400 2554 472 2640 jure
499 2554 640 2631 victoris,
666 2554 721 2639 qui
753 2557 814 2619 sibi
845 2558 1020 2637 videbatur,
1048 2561 1109 2622 etsi
1138 2562 1224 2624 aliter

269 2669 364 2734 essct,
379 2658 534 2740 populum
551 2656 727 2738 subegisse,
743 2659 971 2722 cancellarium
987 2664 1179 2742 procurabat
1192 2662 1224 2724 in

269 2759 357 2824 curia
373 2758 522 2836 ordinari,
538 2757 629 2840 cujus
646 2779 707 2840 ope
723 2770 755 2821 et
770 2781 868 2842 opera
879 2761 952 2822 nori
967 2762 1063 2843 regis,
1077 2784 1119 2826 ue
1134 2767 1222 2826 saeri·

268 2872 317 2925 ret
339 2862 373 2923 in
396 2860 578 2937 ecclesiam,
600 2860 753 2943 impetum
776 2861 952 2940 cohiberet,
973 2876 1006 2925 et
1027 2865 1152 2927 consilii
1176 2865 1225 2932 sui

268 2970 458 3044 temperaret
477 2959 643 3033 malitiam,
659 2968 691 3021 et
711 2960 896 3043 reprimeret
915 2962 1084 3026 audaciam
1104 2965 1223 3027 officia·

267 3063 358 3139 lium,
374 3061 430 3144 qui
445 3062 505 3123 sub
522 3061 654 3122 obtentu
670 3061 809 3143 publicae
829 3063 997 3143 potestatis
1018 3076 1051 3126 et
1065 3077 1223 3148 praetextu

264 3161 359 3244 juris,
385 3174 449 3224 tam
479 3159 626 3222 ecclesiae
655 3181 753 3242 quam
782 3161 1026 3242 provincialium
1056 3165 1223 3228 facultates

268 3261 405 3346 diripere
421 3261 689 3344 conspiraverant.

309 3365 349 3426 In
372 3362 483 3445 primis
505 3374 611 3424 autem
634 3361 833 3426 cancellatim
855 3384 922 3427 suae
944 3367 1102 3449 auspiciis
1124 3375 1170 3429 tot
1194 3380 1226 3430 et

266 3475 371 3526 tantas
398 3463 553 3526 variarum
579 3464 804 3525 necessitatum
832 3463 1036 3529 difficultates
1062 3467 1223 3543 sustinuit,

266 3575 314 3628 tot
341 3566 505 3628 laboribus
534 3564 659 3661 attritps
689 3575 738 3627 est
766 3576 799 3627 et
827 3575 874 3628 tot
903 3567 1136 3632 afflictionibus
1164 3569 1225 3633 fuit

266 3685 448 3746 oppressus,
465 3675 512 3727 tot
533 3666 660 3728 insidiis
681 3667 855 3749 appetitus,
875 3678 923 3731 tot
942 3670 1070 3752 laqueis
1095 3671 1129 3733 in
1151 3671 1224 3734 aula

266 3764 435 3848 expositus
451 3785 470 3826 a
485 3766 606 3828 malitia
616 3768 865 3832 inhabitantium
880 3770 912 3831 in
928 3791 977 3848 ea,
989 3783 1025 3835 ut
1040 3794 1126 3851 eum,
1141 3774 1225 3835 sicut

266 3867 506 3951 archiepiscopo
522 3887 580 3928 suo
597 3879 630 3930 et
646 3869 759 3933 amicis
780 3872 838 3935 sub
858 3872 1061 3937 lacrimarum
1080 3876 1226 3938 testimo·

266 3971 320 4035 nio
335 3969 448 4033 referre
463 3967 574 4031 solitus
590 3979 667 4045 erat,
682 3989 770 4053 saepe
786 3973 818 4035 in
835 3972 904 4036 dies
924 3974 1070 4054 singulos
1092 3975 1224 4040 taederet

266 4095 339 4136 eum
354 4072 428 4136 vitae
443 4092 520 4145 suae,
536 4083 568 4133 ct
586 4081 661 4152 post
680 4072 752 4136 vitae
772 4086 889 4137 eternae
911 4073 1106 4140 desiderium
1126 4098 1225 4161 super

265 4175 374 4237 omnia
388 4183 523 4257 optaret,
535 4187 571 4236 nt
585 4174 707 4256 absque
721 4186 798 4238 nota
813 4176 951 4240 inlamiae
966 4189 1079 4260 posset
1094 4180 1223 4244 acunae

264 4276 403 4338 nexibus
418 4276 583 4358 explicari.
622 4275 717 4340 Licet
727 4277 812 4340 enim
826 4277 856 4341 ei
872 4278 1012 4342 mundus
1023 4279 1056 4342 in
1074 4283 1225 4345 omnibus

263 4376 434 4441 lenociniis
456 4376 522 4439 suis
545 4376 666 4442 adulari
689 4390 722 4442 et
747 4377 940 4462 applaudere
968 4380 1139 4461 videretur,
1161 4404 1223 4446 uec
