<?xml version="1.0" encoding="UTF-8"?>
<!DOCTYPE html PUBLIC "-//W3C//DTD XHTML 1.0 Transitional//EN"
    "http://www.w3.org/TR/xhtml1/DTD/xhtml1-transitional.dtd">
<html xmlns="http://www.w3.org/1999/xhtml" xml:lang="en" lang="en">
 <head>
  <title>
</title>
<meta http-equiv="Content-Type" content="text/html;charset=utf-8" />
  <meta name='ocr-system' content='tesseract 3.04.00' />
  <meta name='ocr-capabilities' content='ocr_page ocr_carea ocr_par ocr_line ocrx_word'/>
</head>
<body>
  <div class='ocr_page' id='page_1' title='image "./joannissaresber15johngoog_0042.png"; bbox 0 0 2992 5592; ppageno 0'>
   <div class='ocr_carea' id='block_1_1' title="bbox 383 774 1332 848">
    <p class='ocr_par' dir='ltr' id='par_1_1' title="bbox 383 774 1332 848">
     <span class='ocr_line' id='line_1_1' title="bbox 383 774 1332 848; baseline -0.008 -5"><span class='ocrx_word' id='word_1_1' title='bbox 383 784 424 843; x_wconf 74' lang='lat'><strong>98</strong></span> <span class='ocrx_word' id='word_1_2' title='bbox 640 794 777 839; x_wconf 75' lang='lat' dir='ltr'><strong>Joasrus</strong></span> <span class='ocrx_word' id='word_1_3' title='bbox 793 793 1071 838; x_wconf 76' lang='lat' dir='ltr'><strong>sannsnnnrnusrs</strong></span> <span class='ocrx_word' id='word_1_4' title='bbox 1218 774 1298 848; x_wconf 80' lang='lat' dir='ltr'><strong>[nis.</strong></span> <span class='ocrx_word' id='word_1_5' title='bbox 1313 793 1332 836; x_wconf 91' lang='lat'><strong>1.</strong></span> 
     </span>
    </p>
   </div>
   <div class='ocr_carea' id='block_1_2' title="bbox 379 958 1343 2343">
    <p class='ocr_par' dir='ltr' id='par_1_2' title="bbox 379 958 1343 2343">
     <span class='ocr_line' id='line_1_2' title="bbox 382 958 1335 1045; baseline -0.005 -18"><span class='ocrx_word' id='word_1_6' title='bbox 382 965 537 1037; x_wconf 82' lang='lat' dir='ltr'><strong>Socrates,</strong></span> <span class='ocrx_word' id='word_1_7' title='bbox 553 973 590 1026; x_wconf 88' lang='lat' dir='ltr'><strong>ut</strong></span> <span class='ocrx_word' id='word_1_8' title='bbox 614 961 765 1037; x_wconf 84' lang='lat' dir='ltr'>traditur,</span> <span class='ocrx_word' id='word_1_9' title='bbox 781 973 896 1024; x_wconf 86' lang='lat' dir='ltr'><strong>natura</strong></span> <span class='ocrx_word' id='word_1_10' title='bbox 916 958 1064 1045; x_wconf 89' lang='lat' dir='ltr'><strong>petulcus</strong></span> <span class='ocrx_word' id='word_1_11' title='bbox 1084 969 1165 1034; x_wconf 90' lang='lat' dir='ltr'><strong>erat,</strong></span> <span class='ocrx_word' id='word_1_12' title='bbox 1180 969 1213 1022; x_wconf 90' lang='lat' dir='ltr'><strong>et</strong></span> <span class='ocrx_word' id='word_1_13' title='bbox 1229 958 1335 1023; x_wconf 89' lang='lat' dir='ltr'><strong>mulie-</strong></span> 
     </span>
     <span class='ocr_line' id='line_1_3' title="bbox 380 1059 1337 1146; baseline -0.004 -20"><span class='ocrx_word' id='word_1_14' title='bbox 380 1085 471 1126; x_wconf 83' lang='lat' dir='ltr'><strong>rosus</strong></span> <span class='ocrx_word' id='word_1_15' title='bbox 488 1064 535 1143; x_wconf 91' lang='lat' dir='ltr'><strong>(ut</strong></span> <span class='ocrx_word' id='word_1_16' title='bbox 550 1061 648 1124; x_wconf 86' lang='lat' dir='ltr'><strong>verbo</strong></span> <span class='ocrx_word' id='word_1_17' title='bbox 664 1074 736 1126; x_wconf 87' lang='lat' dir='ltr'><strong>utar</strong></span> <span class='ocrx_word' id='word_1_18' title='bbox 752 1061 902 1142; x_wconf 76' lang='lat' dir='ltr'><strong>historia)</strong></span> <span class='ocrx_word' id='word_1_19' title='bbox 919 1073 1043 1124; x_wconf 82' lang='lat' dir='ltr'><strong>naturae</strong></span> <span class='ocrx_word' id='word_1_20' title='bbox 1063 1073 1168 1124; x_wconf 90' lang='lat' dir='ltr'><strong>tamen</strong></span> <span class='ocrx_word' id='word_1_21' title='bbox 1184 1059 1337 1146; x_wconf 86' lang='lat' dir='ltr'><strong>intempe-</strong></span> 
     </span>
     <span class='ocr_line' id='line_1_4' title="bbox 380 1158 1337 1248; baseline -0.004 -19"><span class='ocrx_word' id='word_1_22' title='bbox 380 1164 528 1240; x_wconf 90' lang='lat' dir='ltr'><strong>rantiam,</strong></span> <span class='ocrx_word' id='word_1_23' title='bbox 550 1161 756 1247; x_wconf 78' lang='lat' dir='ltr'><strong>castigatione</strong></span> <span class='ocrx_word' id='word_1_24' title='bbox 777 1161 999 1248; x_wconf 84' lang='lat' dir='ltr'><strong>pbilosophiae,</strong></span> <span class='ocrx_word' id='word_1_25' title='bbox 1014 1174 1046 1225; x_wconf 89' lang='lat' dir='ltr'><strong>et</strong></span> <span class='ocrx_word' id='word_1_26' title='bbox 1068 1158 1199 1223; x_wconf 91' lang='lat' dir='ltr'><strong>virtutis</strong></span> <span class='ocrx_word' id='word_1_27' title='bbox 1221 1162 1337 1225; x_wconf 82' lang='lat' dir='ltr'><strong>exerci-</strong></span> 
     </span>
     <span class='ocr_line' id='line_1_5' title="bbox 381 1261 1338 1351; baseline -0.001 -22"><span class='ocrx_word' id='word_1_28' title='bbox 381 1265 668 1351; x_wconf 87' lang='lat' dir='ltr'><strong>tationerepressit,</strong></span> <span class='ocrx_word' id='word_1_29' title='bbox 678 1276 711 1328; x_wconf 89' lang='lat' dir='ltr'><strong>et</strong></span> <span class='ocrx_word' id='word_1_30' title='bbox 721 1263 856 1327; x_wconf 91' lang='lat' dir='ltr'><strong>domuit.</strong></span> <span class='ocrx_word' id='word_1_31' title='bbox 884 1262 1067 1326; x_wconf 90' lang='lat' dir='ltr'><strong>Obtusioris</strong></span> <span class='ocrx_word' id='word_1_32' title='bbox 1077 1261 1197 1347; x_wconf 89' lang='lat' dir='ltr'><strong>ingenii</strong></span> <span class='ocrx_word' id='word_1_33' title='bbox 1208 1262 1338 1328; x_wconf 89' lang='lat' dir='ltr'><strong>tradunt</strong></span> 
     </span>
     <span class='ocr_line' id='line_1_6' title="bbox 381 1362 1337 1440; baseline -0.004 -10"><span class='ocrx_word' id='word_1_34' title='bbox 381 1366 478 1431; x_wconf 78' lang='lat' dir='ltr'><strong>luisse</strong></span> <span class='ocrx_word' id='word_1_35' title='bbox 498 1369 652 1433; x_wconf 82' lang='lat' dir='ltr'>Scaurum</span> <span class='ocrx_word' id='word_1_36' title='bbox 669 1365 808 1440; x_wconf 88' lang='lat' dir='ltr'><strong>Rufum,</strong></span> <span class='ocrx_word' id='word_1_37' title='bbox 825 1363 880 1428; x_wconf 89' lang='lat' dir='ltr'><strong>sed</strong></span> <span class='ocrx_word' id='word_1_38' title='bbox 895 1364 1065 1428; x_wconf 82' lang='lat' dir='ltr'><strong>sedulitate</strong></span> <span class='ocrx_word' id='word_1_39' title='bbox 1085 1362 1242 1438; x_wconf 81' lang='lat' dir='ltr'><strong>exercitii,</strong></span> <span class='ocrx_word' id='word_1_40' title='bbox 1258 1364 1337 1427; x_wconf 91' lang='lat' dir='ltr'><strong>inid</strong></span> 
     </span>
     <span class='ocr_line' id='line_1_7' title="bbox 380 1461 1339 1553; baseline -0.002 -22"><span class='ocrx_word' id='word_1_41' title='bbox 380 1467 497 1533; x_wconf 80' lang='lat' dir='ltr'><strong>virium</strong></span> <span class='ocrx_word' id='word_1_42' title='bbox 511 1469 658 1542; x_wconf 83' lang='lat' dir='ltr'><strong>evasisse,</strong></span> <span class='ocrx_word' id='word_1_43' title='bbox 675 1479 712 1531; x_wconf 91' lang='lat' dir='ltr'><strong>ut</strong></span> <span class='ocrx_word' id='word_1_44' title='bbox 724 1468 911 1532; x_wconf 87' lang='lat' dir='ltr'><strong>Ciceronem</strong></span> <span class='ocrx_word' id='word_1_45' title='bbox 925 1467 1030 1553; x_wconf 91' lang='lat' dir='ltr'><strong>ipsum</strong></span> <span class='ocrx_word' id='word_1_46' title='bbox 1048 1461 1228 1550; x_wconf 79' lang='lat' dir='ltr'><strong>Allobroga</strong></span> <span class='ocrx_word' id='word_1_47' title='bbox 1243 1467 1339 1529; x_wconf 87' lang='lat' dir='ltr'><strong>norni-</strong></span> 
     </span>
     <span class='ocr_line' id='line_1_8' title="bbox 380 1565 1338 1654; baseline -0.004 -20"><span class='ocrx_word' id='word_1_48' title='bbox 380 1584 481 1635; x_wconf 88' lang='lat' dir='ltr'><strong>naret.</strong></span> <span class='ocrx_word' id='word_1_49' title='bbox 522 1569 555 1633; x_wconf 87' lang='lat' dir='ltr'><strong>Si</strong></span> <span class='ocrx_word' id='word_1_50' title='bbox 570 1566 723 1654; x_wconf 88' lang='lat' dir='ltr'><strong>exemplis</strong></span> <span class='ocrx_word' id='word_1_51' title='bbox 739 1565 893 1631; x_wconf 90' lang='lat' dir='ltr'><strong>utendum</strong></span> <span class='ocrx_word' id='word_1_52' title='bbox 910 1567 1020 1646; x_wconf 89' lang='lat' dir='ltr'><strong>fuerit,</strong></span> <span class='ocrx_word' id='word_1_53' title='bbox 1036 1567 1180 1652; x_wconf 88' lang='lat' dir='ltr'><strong>undique</strong></span> <span class='ocrx_word' id='word_1_54' title='bbox 1194 1567 1251 1631; x_wconf 86' lang='lat' dir='ltr'><strong>fiet</strong></span> <span class='ocrx_word' id='word_1_55' title='bbox 1266 1590 1338 1631; x_wconf 92' lang='lat' dir='ltr'><strong>con·</strong></span> 
     </span>
     <span class='ocr_line' id='line_1_9' title="bbox 380 1665 1339 1757; baseline -0.004 -22"><span class='ocrx_word' id='word_1_56' title='bbox 380 1671 539 1756; x_wconf 73' lang='lat' dir='ltr'><strong>spicum,</strong></span> <span class='ocrx_word' id='word_1_57' title='bbox 555 1670 631 1757; x_wconf 88' lang='lat' dir='ltr'><strong>quia</strong></span> <span class='ocrx_word' id='word_1_58' title='bbox 646 1692 703 1733; x_wconf 89' lang='lat' dir='ltr'><strong>nec</strong></span> <span class='ocrx_word' id='word_1_59' title='bbox 719 1666 886 1753; x_wconf 84' lang='lat' dir='ltr'><strong>diligentia</strong></span> <span class='ocrx_word' id='word_1_60' title='bbox 901 1667 1003 1730; x_wconf 88' lang='lat' dir='ltr'><strong>inanis</strong></span> <span class='ocrx_word' id='word_1_61' title='bbox 1017 1680 1075 1750; x_wconf 77' lang='lat' dir='ltr'><strong>est,</strong></span> <span class='ocrx_word' id='word_1_62' title='bbox 1093 1665 1149 1731; x_wconf 92' lang='lat' dir='ltr'><strong>ubi</strong></span> <span class='ocrx_word' id='word_1_63' title='bbox 1164 1679 1213 1731; x_wconf 87' lang='lat' dir='ltr'><strong>est</strong></span> <span class='ocrx_word' id='word_1_64' title='bbox 1228 1676 1339 1732; x_wconf 87' lang='lat' dir='ltr'><strong>natura</strong></span> 
     </span>
     <span class='ocr_line' id='line_1_10' title="bbox 379 1766 1340 1856; baseline -0.004 -20"><span class='ocrx_word' id='word_1_65' title='bbox 379 1772 543 1846; x_wconf 78' lang='lat' dir='ltr'><strong>obtusior3</strong></span> <span class='ocrx_word' id='word_1_66' title='bbox 574 1784 607 1836; x_wconf 86' lang='lat' dir='ltr'><strong>et</strong></span> <span class='ocrx_word' id='word_1_67' title='bbox 628 1793 685 1833; x_wconf 89' lang='lat' dir='ltr'><strong>nec</strong></span> <span class='ocrx_word' id='word_1_68' title='bbox 705 1769 848 1833; x_wconf 81' lang='lat' dir='ltr'><strong>abundat</strong></span> <span class='ocrx_word' id='word_1_69' title='bbox 872 1791 962 1847; x_wconf 89' lang='lat' dir='ltr'><strong>cura,</strong></span> <span class='ocrx_word' id='word_1_70' title='bbox 984 1781 1097 1856; x_wconf 87' lang='lat' dir='ltr'><strong>utpote</strong></span> <span class='ocrx_word' id='word_1_71' title='bbox 1117 1766 1291 1854; x_wconf 87' lang='lat' dir='ltr'><strong>superflua,</strong></span> <span class='ocrx_word' id='word_1_72' title='bbox 1309 1782 1340 1833; x_wconf 88' lang='lat' dir='ltr'><strong>et</strong></span> 
     </span>
     <span class='ocr_line' id='line_1_11' title="bbox 381 1869 1339 1956; baseline -0.003 -19"><span class='ocrx_word' id='word_1_73' title='bbox 381 1875 426 1938; x_wconf 90' lang='lat' dir='ltr'><strong>sic</strong></span> <span class='ocrx_word' id='word_1_74' title='bbox 450 1886 486 1938; x_wconf 89' lang='lat' dir='ltr'><strong>ut</strong></span> <span class='ocrx_word' id='word_1_75' title='bbox 508 1873 606 1936; x_wconf 83' lang='lat' dir='ltr'><strong>fuerit</strong></span> <span class='ocrx_word' id='word_1_76' title='bbox 628 1871 670 1934; x_wconf 92' lang='lat' dir='ltr'><strong>ad</strong></span> <span class='ocrx_word' id='word_1_77' title='bbox 696 1869 820 1955; x_wconf 91' lang='lat' dir='ltr'><strong>aliquid</strong></span> <span class='ocrx_word' id='word_1_78' title='bbox 843 1871 1003 1955; x_wconf 86' lang='lat' dir='ltr'><strong>agendum</strong></span> <span class='ocrx_word' id='word_1_79' title='bbox 1027 1887 1143 1936; x_wconf 90' lang='lat' dir='ltr'><strong>natura</strong></span> <span class='ocrx_word' id='word_1_80' title='bbox 1165 1869 1339 1956; x_wconf 85' lang='lat' dir='ltr'><strong>benignior.</strong></span> 
     </span>
     <span class='ocr_line' id='line_1_12' title="bbox 384 1972 1343 2057; baseline 0 -21"><span class='ocrx_word' id='word_1_81' title='bbox 384 1973 474 2038; x_wconf 90' lang='lat' dir='ltr'><strong>Licet</strong></span> <span class='ocrx_word' id='word_1_82' title='bbox 497 1973 580 2037; x_wconf 91' lang='lat' dir='ltr'><strong>enim</strong></span> <span class='ocrx_word' id='word_1_83' title='bbox 603 1972 793 2056; x_wconf 89' lang='lat' dir='ltr'><strong>plerumque</strong></span> <span class='ocrx_word' id='word_1_84' title='bbox 815 1985 929 2036; x_wconf 90' lang='lat' dir='ltr'><strong>natura</strong></span> <span class='ocrx_word' id='word_1_85' title='bbox 952 1972 1144 2048; x_wconf 90' lang='lat' dir='ltr'><strong>dominetur,</strong></span> <span class='ocrx_word' id='word_1_86' title='bbox 1160 1985 1191 2036; x_wconf 93' lang='lat' dir='ltr'><strong>et</strong></span> <span class='ocrx_word' id='word_1_87' title='bbox 1216 1973 1256 2036; x_wconf 88' lang='lat' dir='ltr'><strong>sit</strong></span> <span class='ocrx_word' id='word_1_88' title='bbox 1273 1994 1343 2057; x_wconf 90' lang='lat' dir='ltr'><strong>pro-</strong></span> 
     </span>
     <span class='ocr_line' id='line_1_13' title="bbox 382 2071 1342 2157; baseline 0 -19"><span class='ocrx_word' id='word_1_89' title='bbox 382 2073 492 2138; x_wconf 86' lang='lat' dir='ltr'><strong>clivior</strong></span> <span class='ocrx_word' id='word_1_90' title='bbox 507 2073 540 2136; x_wconf 91' lang='lat' dir='ltr'><strong>in</strong></span> <span class='ocrx_word' id='word_1_91' title='bbox 557 2071 727 2143; x_wconf 82' lang='lat' dir='ltr'><strong>alterutro;</strong></span> <span class='ocrx_word' id='word_1_92' title='bbox 753 2083 870 2149; x_wconf 89' lang='lat' dir='ltr'><strong>tamen,</strong></span> <span class='ocrx_word' id='word_1_93' title='bbox 886 2072 968 2136; x_wconf 89' lang='lat' dir='ltr'><strong>sicut</strong></span> <span class='ocrx_word' id='word_1_94' title='bbox 984 2071 1077 2137; x_wconf 84' lang='lat' dir='ltr'><strong>facile</strong></span> <span class='ocrx_word' id='word_1_95' title='bbox 1091 2073 1342 2157; x_wconf 85' lang='lat' dir='ltr'><strong>corrumpitura</strong></span> 
     </span>
     <span class='ocr_line' id='line_1_14' title="bbox 383 2172 1343 2262; baseline -0.001 -22"><span class='ocrx_word' id='word_1_96' title='bbox 383 2173 587 2262; x_wconf 83' lang='lat' dir='ltr'><strong>negligentia,</strong></span> <span class='ocrx_word' id='word_1_97' title='bbox 610 2175 654 2238; x_wconf 82' lang='lat' dir='ltr'><strong>sic</strong></span> <span class='ocrx_word' id='word_1_98' title='bbox 675 2196 694 2236; x_wconf 92' lang='lat' dir='ltr'><strong>a</strong></span> <span class='ocrx_word' id='word_1_99' title='bbox 716 2172 855 2251; x_wconf 90' lang='lat' dir='ltr'><strong>cultura,</strong></span> <span class='ocrx_word' id='word_1_100' title='bbox 871 2187 903 2239; x_wconf 90' lang='lat' dir='ltr'><strong>et</strong></span> <span class='ocrx_word' id='word_1_101' title='bbox 925 2197 944 2238; x_wconf 89' lang='lat' dir='ltr'><strong>a</strong></span> <span class='ocrx_word' id='word_1_102' title='bbox 963 2197 1041 2239; x_wconf 88' lang='lat' dir='ltr'><strong>cura</strong></span> <span class='ocrx_word' id='word_1_103' title='bbox 1062 2174 1236 2262; x_wconf 83' lang='lat' dir='ltr'><strong>saepissime</strong></span> <span class='ocrx_word' id='word_1_104' title='bbox 1257 2198 1343 2239; x_wconf 87' lang='lat' dir='ltr'><strong>man-</strong></span> 
     </span>
     <span class='ocr_line' id='line_1_15' title="bbox 386 2281 514 2343; baseline -0.016 0"><span class='ocrx_word' id='word_1_105' title='bbox 386 2281 514 2343; x_wconf 87' lang='lat' dir='ltr'><strong>suescit.</strong></span> 
     </span>
    </p>
   </div>
   <div class='ocr_carea' id='block_1_3' title="bbox 385 2389 1344 3452">
    <p class='ocr_par' dir='ltr' id='par_1_3' title="bbox 487 2389 1219 2722">
     <span class='ocr_line' id='line_1_16' title="bbox 490 2389 1075 2458; baseline 0.009 -16"><span class='ocrx_word' id='word_1_106' title='bbox 490 2390 594 2443; x_wconf 83' lang='lat' dir='ltr'><strong>Natura</strong></span> <span class='ocrx_word' id='word_1_107' title='bbox 605 2389 682 2444; x_wconf 87' lang='lat' dir='ltr'><strong>lieret</strong></span> <span class='ocrx_word' id='word_1_108' title='bbox 693 2391 826 2446; x_wconf 83' lang='lat' dir='ltr'><strong>laudabile</strong></span> <span class='ocrx_word' id='word_1_109' title='bbox 837 2411 950 2458; x_wconf 86' lang='lat' dir='ltr'><strong>carmen,</strong></span> <span class='ocrx_word' id='word_1_110' title='bbox 963 2412 996 2445; x_wconf 91' lang='lat' dir='ltr'><strong>an</strong></span> <span class='ocrx_word' id='word_1_111' title='bbox 1008 2401 1075 2458; x_wconf 84' lang='lat' dir='ltr'><strong>arte,</strong></span> 
     </span>
     <span class='ocr_line' id='line_1_17' title="bbox 487 2478 1205 2549; baseline 0.007 -20"><span class='ocrx_word' id='word_1_112' title='bbox 487 2478 634 2543; x_wconf 85' lang='lat' dir='ltr'><strong>Quaesitnm</strong></span> <span class='ocrx_word' id='word_1_113' title='bbox 646 2483 701 2532; x_wconf 80' lang='lat' dir='ltr'><strong>est:</strong></span> <span class='ocrx_word' id='word_1_114' title='bbox 720 2497 771 2546; x_wconf 80' lang='lat' dir='ltr'><strong>ego</strong></span> <span class='ocrx_word' id='word_1_115' title='bbox 781 2498 829 2532; x_wconf 88' lang='lat' dir='ltr'><strong>nec</strong></span> <span class='ocrx_word' id='word_1_116' title='bbox 841 2480 954 2532; x_wconf 87' lang='lat' dir='ltr'><strong>studium</strong></span> <span class='ocrx_word' id='word_1_117' title='bbox 966 2482 1023 2533; x_wconf 86' lang='lat' dir='ltr'><strong>sine</strong></span> <span class='ocrx_word' id='word_1_118' title='bbox 1034 2482 1116 2534; x_wconf 83' lang='lat' dir='ltr'><strong>divite</strong></span> <span class='ocrx_word' id='word_1_119' title='bbox 1127 2501 1205 2549; x_wconf 78' lang='lat' dir='ltr'><strong>rena,</strong></span> 
     </span>
     <span class='ocr_line' id='line_1_18' title="bbox 491 2561 1219 2636; baseline 0.01 -22"><span class='ocrx_word' id='word_1_120' title='bbox 491 2562 549 2616; x_wconf 86' lang='lat' dir='ltr'><strong>Nec</strong></span> <span class='ocrx_word' id='word_1_121' title='bbox 558 2561 625 2616; x_wconf 84' lang='lat' dir='ltr'><strong>&#39;rude</strong></span> <span class='ocrx_word' id='word_1_122' title='bbox 638 2564 700 2632; x_wconf 88' lang='lat' dir='ltr'><strong>qnid</strong></span> <span class='ocrx_word' id='word_1_123' title='bbox 712 2567 794 2636; x_wconf 88' lang='lat' dir='ltr'><strong>possit</strong></span> <span class='ocrx_word' id='word_1_124' title='bbox 805 2566 880 2618; x_wconf 86' lang='lat' dir='ltr'><strong>video</strong></span> <span class='ocrx_word' id='word_1_125' title='bbox 892 2567 1040 2632; x_wconf 87' lang='lat' dir='ltr'><strong>ingenium:</strong></span> <span class='ocrx_word' id='word_1_126' title='bbox 1060 2566 1168 2620; x_wconf 84' lang='lat' dir='ltr'><strong>alterius</strong></span> <span class='ocrx_word' id='word_1_127' title='bbox 1181 2569 1219 2621; x_wconf 85' lang='lat' dir='ltr'><strong>sic</strong></span> 
     </span>
     <span class='ocr_line' id='line_1_19' title="bbox 490 2648 1099 2722; baseline 0.003 -22"><span class='ocrx_word' id='word_1_128' title='bbox 490 2648 585 2701; x_wconf 80' lang='lat' dir='ltr'><strong>Altera</strong></span> <span class='ocrx_word' id='word_1_129' title='bbox 596 2650 679 2721; x_wconf 87' lang='lat' dir='ltr'><strong>poscit</strong></span> <span class='ocrx_word' id='word_1_130' title='bbox 690 2667 765 2722; x_wconf 89' lang='lat' dir='ltr'><strong>opem</strong></span> <span class='ocrx_word' id='word_1_131' title='bbox 776 2667 828 2714; x_wconf 87' lang='lat' dir='ltr'><strong>res,</strong></span> <span class='ocrx_word' id='word_1_132' title='bbox 841 2656 868 2702; x_wconf 87' lang='lat' dir='ltr'><strong>et</strong></span> <span class='ocrx_word' id='word_1_133' title='bbox 879 2651 996 2722; x_wconf 89' lang='lat' dir='ltr'><strong>conjurat</strong></span> <span class='ocrx_word' id='word_1_134' title='bbox 1007 2652 1099 2704; x_wconf 83' lang='lat' dir='ltr'><strong>amice.</strong></span> 
     </span>
    </p>

    <p class='ocr_par' dir='ltr' id='par_1_4' title="bbox 385 2752 1344 3452">
     <span class='ocr_line' id='line_1_20' title="bbox 430 2752 1343 2842; baseline 0.008 -27"><span class='ocrx_word' id='word_1_135' title='bbox 430 2752 565 2817; x_wconf 89' lang='lat' dir='ltr'><strong>Prodest</strong></span> <span class='ocrx_word' id='word_1_136' title='bbox 589 2753 703 2838; x_wconf 89' lang='lat' dir='ltr'><strong>utique</strong></span> <span class='ocrx_word' id='word_1_137' title='bbox 724 2766 850 2830; x_wconf 88' lang='lat' dir='ltr'><strong>natura,</strong></span> <span class='ocrx_word' id='word_1_138' title='bbox 866 2753 921 2817; x_wconf 87' lang='lat' dir='ltr'><strong>sed</strong></span> <span class='ocrx_word' id='word_1_139' title='bbox 943 2767 1074 2818; x_wconf 89' lang='lat' dir='ltr'><strong>eatenus</strong></span> <span class='ocrx_word' id='word_1_140' title='bbox 1095 2769 1151 2820; x_wconf 92' lang='lat' dir='ltr'><strong>aut</strong></span> <span class='ocrx_word' id='word_1_141' title='bbox 1168 2778 1343 2842; x_wconf 88' lang='lat' dir='ltr'><strong>nunquam,</strong></span> 
     </span>
     <span class='ocr_line' id='line_1_21' title="bbox 385 2855 1341 2929; baseline 0.008 -12"><span class='ocrx_word' id='word_1_142' title='bbox 385 2867 443 2918; x_wconf 89' lang='lat' dir='ltr'><strong>aut</strong></span> <span class='ocrx_word' id='word_1_143' title='bbox 458 2876 541 2929; x_wconf 87' lang='lat' dir='ltr'><strong>raro,</strong></span> <span class='ocrx_word' id='word_1_144' title='bbox 558 2867 595 2917; x_wconf 94' lang='lat' dir='ltr'><strong>ut</strong></span> <span class='ocrx_word' id='word_1_145' title='bbox 617 2858 683 2917; x_wconf 90' lang='lat' dir='ltr'><strong>sine</strong></span> <span class='ocrx_word' id='word_1_146' title='bbox 704 2855 813 2919; x_wconf 89' lang='lat' dir='ltr'><strong>studio</strong></span> <span class='ocrx_word' id='word_1_147' title='bbox 828 2855 953 2920; x_wconf 86' lang='lat' dir='ltr'><strong>culmen</strong></span> <span class='ocrx_word' id='word_1_148' title='bbox 973 2857 1133 2924; x_wconf 90' lang='lat' dir='ltr'><strong>obtineat:</strong></span> <span class='ocrx_word' id='word_1_149' title='bbox 1162 2858 1242 2923; x_wconf 90' lang='lat' dir='ltr'><strong>nihil</strong></span> <span class='ocrx_word' id='word_1_150' title='bbox 1262 2861 1341 2924; x_wconf 88' lang='lat' dir='ltr'><strong>enim</strong></span> 
     </span>
     <span class='ocr_line' id='line_1_22' title="bbox 385 2954 1342 3045; baseline 0.006 -25"><span class='ocrx_word' id='word_1_151' title='bbox 385 2968 432 3020; x_wconf 86' lang='lat' dir='ltr'><strong>est</strong></span> <span class='ocrx_word' id='word_1_152' title='bbox 454 2970 518 3019; x_wconf 92' lang='lat' dir='ltr'><strong>tam</strong></span> <span class='ocrx_word' id='word_1_153' title='bbox 540 2954 695 3033; x_wconf 86' lang='lat' dir='ltr'><strong>validum,</strong></span> <span class='ocrx_word' id='word_1_154' title='bbox 712 2970 775 3021; x_wconf 84' lang='lat' dir='ltr'><strong>tam</strong></span> <span class='ocrx_word' id='word_1_155' title='bbox 799 2957 978 3037; x_wconf 89' lang='lat' dir='ltr'><strong>robustum,</strong></span> <span class='ocrx_word' id='word_1_156' title='bbox 994 2958 1082 3045; x_wconf 93' lang='lat' dir='ltr'><strong>quod</strong></span> <span class='ocrx_word' id='word_1_157' title='bbox 1105 2959 1270 3045; x_wconf 85' lang='lat' dir='ltr'><strong>diligentia</strong></span> <span class='ocrx_word' id='word_1_158' title='bbox 1284 2986 1342 3027; x_wconf 93' lang='lat' dir='ltr'><strong>non</strong></span> 
     </span>
     <span class='ocr_line' id='line_1_23' title="bbox 386 3055 1343 3144; baseline 0.009 -23"><span class='ocrx_word' id='word_1_159' title='bbox 386 3068 525 3132; x_wconf 84' lang='lat' dir='ltr'><strong>enervet,</strong></span> <span class='ocrx_word' id='word_1_160' title='bbox 538 3055 617 3120; x_wconf 90' lang='lat' dir='ltr'><strong>nibil</strong></span> <span class='ocrx_word' id='word_1_161' title='bbox 634 3070 697 3120; x_wconf 89' lang='lat' dir='ltr'><strong>tam</strong></span> <span class='ocrx_word' id='word_1_162' title='bbox 714 3071 867 3138; x_wconf 90' lang='lat' dir='ltr'><strong>erectum,</strong></span> <span class='ocrx_word' id='word_1_163' title='bbox 879 3058 967 3144; x_wconf 92' lang='lat' dir='ltr'><strong>quod</strong></span> <span class='ocrx_word' id='word_1_164' title='bbox 983 3082 1045 3124; x_wconf 92' lang='lat' dir='ltr'><strong>non</strong></span> <span class='ocrx_word' id='word_1_165' title='bbox 1062 3061 1205 3136; x_wconf 83' lang='lat' dir='ltr'><strong>deliciat;</strong></span> <span class='ocrx_word' id='word_1_166' title='bbox 1230 3066 1343 3130; x_wconf 91' lang='lat' dir='ltr'><strong>sicutc</strong></span> 
     </span>
     <span class='ocr_line' id='line_1_24' title="bbox 386 3158 1344 3254; baseline 0.008 -29"><span class='ocrx_word' id='word_1_167' title='bbox 386 3172 496 3226; x_wconf 88' lang='lat' dir='ltr'><strong>contra</strong></span> <span class='ocrx_word' id='word_1_168' title='bbox 505 3158 680 3245; x_wconf 88' lang='lat' dir='ltr'><strong>quamlibet</strong></span> <span class='ocrx_word' id='word_1_169' title='bbox 692 3159 842 3224; x_wconf 89' lang='lat' dir='ltr'><strong>humilem</strong></span> <span class='ocrx_word' id='word_1_170' title='bbox 853 3160 1001 3245; x_wconf 89' lang='lat' dir='ltr'><strong>gradum,</strong></span> <span class='ocrx_word' id='word_1_171' title='bbox 1011 3186 1087 3228; x_wconf 89' lang='lat' dir='ltr'><strong>cura</strong></span> <span class='ocrx_word' id='word_1_172' title='bbox 1098 3165 1233 3252; x_wconf 92' lang='lat' dir='ltr'><strong>diligens</strong></span> <span class='ocrx_word' id='word_1_173' title='bbox 1241 3166 1344 3254; x_wconf 90' lang='lat' dir='ltr'><strong>erigit,</strong></span> 
     </span>
     <span class='ocr_line' id='line_1_25' title="bbox 386 3262 1343 3352; baseline 0.008 -26"><span class='ocrx_word' id='word_1_174' title='bbox 386 3275 418 3326; x_wconf 85' lang='lat' dir='ltr'><strong>et</strong></span> <span class='ocrx_word' id='word_1_175' title='bbox 439 3275 613 3326; x_wconf 83' lang='lat' dir='ltr'><strong>conservat.</strong></span> <span class='ocrx_word' id='word_1_176' title='bbox 659 3266 749 3346; x_wconf 86' lang='lat' dir='ltr'><strong>Ergo</strong></span> <span class='ocrx_word' id='word_1_177' title='bbox 770 3262 795 3326; x_wconf 89' lang='lat' dir='ltr'><strong>si</strong></span> <span class='ocrx_word' id='word_1_178' title='bbox 815 3278 933 3328; x_wconf 89' lang='lat' dir='ltr'><strong>natura</strong></span> <span class='ocrx_word' id='word_1_179' title='bbox 955 3268 1094 3352; x_wconf 87' lang='lat' dir='ltr'><strong>propitia</strong></span> <span class='ocrx_word' id='word_1_180' title='bbox 1113 3282 1170 3349; x_wconf 86' lang='lat' dir='ltr'><strong>est,</strong></span> <span class='ocrx_word' id='word_1_181' title='bbox 1186 3270 1343 3334; x_wconf 91' lang='lat' dir='ltr'><strong>contemni</strong></span> 
     </span>
     <span class='ocr_line' id='line_1_26' title="bbox 387 3360 1344 3452; baseline 0.01 -28"><span class='ocrx_word' id='word_1_182' title='bbox 387 3382 450 3424; x_wconf 91' lang='lat' dir='ltr'><strong>non</strong></span> <span class='ocrx_word' id='word_1_183' title='bbox 473 3360 579 3436; x_wconf 88' lang='lat' dir='ltr'><strong>debet,</strong></span> <span class='ocrx_word' id='word_1_184' title='bbox 596 3360 651 3425; x_wconf 90' lang='lat' dir='ltr'><strong>sed</strong></span> <span class='ocrx_word' id='word_1_185' title='bbox 674 3362 774 3426; x_wconf 86' lang='lat' dir='ltr'><strong>excoli</strong></span> <span class='ocrx_word' id='word_1_186' title='bbox 792 3378 829 3427; x_wconf 89' lang='lat' dir='ltr'><strong>nt</strong></span> <span class='ocrx_word' id='word_1_187' title='bbox 851 3363 943 3430; x_wconf 86' lang='lat' dir='ltr'><strong>facile</strong></span> <span class='ocrx_word' id='word_1_188' title='bbox 959 3369 1080 3452; x_wconf 87' lang='lat' dir='ltr'><strong>prosit:</strong></span> <span class='ocrx_word' id='word_1_189' title='bbox 1109 3370 1134 3433; x_wconf 90' lang='lat' dir='ltr'><strong>si</strong></span> <span class='ocrx_word' id='word_1_190' title='bbox 1149 3371 1295 3450; x_wconf 84' lang='lat' dir='ltr'><strong>adversa,</strong></span> <span class='ocrx_word' id='word_1_191' title='bbox 1308 3392 1344 3434; x_wconf 92' lang='lat' dir='ltr'><strong>eo</strong></span> 
     </span>
    </p>
   </div>
   <div class='ocr_carea' id='block_1_4' title="bbox 387 3460 1344 3646">
    <p class='ocr_par' dir='ltr' id='par_1_5' title="bbox 387 3460 1344 3646">
     <span class='ocr_line' id='line_1_27' title="bbox 387 3460 1344 3554; baseline 0.013 -29"><span class='ocrx_word' id='word_1_192' title='bbox 387 3460 620 3544; x_wconf 89' lang='lat' dir='ltr'><strong>diligentiorem</strong></span> <span class='ocrx_word' id='word_1_193' title='bbox 633 3462 756 3527; x_wconf 92' lang='lat' dir='ltr'><strong>cultum</strong></span> <span class='ocrx_word' id='word_1_194' title='bbox 771 3465 884 3551; x_wconf 85' lang='lat' dir='ltr'><strong>exigit,</strong></span> <span class='ocrx_word' id='word_1_195' title='bbox 897 3481 933 3533; x_wconf 89' lang='lat' dir='ltr'><strong>ut</strong></span> <span class='ocrx_word' id='word_1_196' title='bbox 948 3492 1009 3554; x_wconf 89' lang='lat' dir='ltr'><strong>ope</strong></span> <span class='ocrx_word' id='word_1_197' title='bbox 1024 3471 1164 3552; x_wconf 87' lang='lat' dir='ltr'><strong>virtutis,</strong></span> <span class='ocrx_word' id='word_1_198' title='bbox 1176 3472 1300 3539; x_wconf 85' lang='lat' dir='ltr'><strong>felicius</strong></span> <span class='ocrx_word' id='word_1_199' title='bbox 1313 3488 1344 3537; x_wconf 88' lang='lat' dir='ltr'><strong>et</strong></span> 
     </span>
     <span class='ocr_line' id='line_1_28' title="bbox 387 3561 752 3646; baseline 0.005 -23"><span class='ocrx_word' id='word_1_200' title='bbox 387 3561 557 3646; x_wconf 90' lang='lat' dir='ltr'><strong>gloriosius</strong></span> <span class='ocrx_word' id='word_1_201' title='bbox 571 3562 752 3627; x_wconf 86' lang='lat' dir='ltr'><strong>invalescat.</strong></span> 
     </span>
    </p>
   </div>
   <div class='ocr_carea' id='block_1_5' title="bbox 388 3749 1348 4478">
    <p class='ocr_par' dir='ltr' id='par_1_6' title="bbox 389 3749 1345 3941">
     <span class='ocr_line' id='line_1_29' title="bbox 389 3749 1345 3845; baseline 0.009 -31"><span class='ocrx_word' id='word_1_202' title='bbox 389 3749 469 3834; x_wconf 85' lang='lat' dir='ltr'><strong>Cap.</strong></span> <span class='ocrx_word' id='word_1_203' title='bbox 485 3754 516 3813; x_wconf 87' lang='grc'><strong>9.</strong></span> <span class='ocrx_word' id='word_1_204' title='bbox 550 3752 643 3824; x_wconf 83' lang='lat' dir='ltr'><strong>Quod</strong></span> <span class='ocrx_word' id='word_1_205' title='bbox 667 3753 809 3816; x_wconf 74' lang='lat' dir='ltr'><strong>homines</strong></span> <span class='ocrx_word' id='word_1_206' title='bbox 834 3757 957 3821; x_wconf 73' lang='lat' dir='ltr'><strong>nititur</strong></span> <span class='ocrx_word' id='word_1_207' title='bbox 982 3757 1125 3842; x_wconf 81' lang='lat' dir='ltr'><strong>elingues</strong></span> <span class='ocrx_word' id='word_1_208' title='bbox 1139 3762 1265 3842; x_wconf 83' lang='lat' dir='ltr'><strong>facere,</strong></span> <span class='ocrx_word' id='word_1_209' title='bbox 1291 3761 1345 3845; x_wconf 78' lang='lat' dir='ltr'><strong>qui</strong></span> 
     </span>
     <span class='ocr_line' id='line_1_30' title="bbox 701 3857 1032 3941; baseline 0.021 -23"><span class='ocrx_word' id='word_1_210' title='bbox 701 3857 834 3936; x_wconf 66' lang='grc' dir='ltr'><strong><em>Ιοςὶοωη</em></strong></span> <span class='ocrx_word' id='word_1_211' title='bbox 849 3860 1032 3941; x_wconf 81' lang='lat' dir='ltr'><strong>impugnat.</strong></span> 
     </span>
    </p>

    <p class='ocr_par' dir='ltr' id='par_1_7' title="bbox 388 3974 1348 4478">
     <span class='ocr_line' id='line_1_31' title="bbox 435 3974 1345 4061; baseline 0.01 -22"><span class='ocrx_word' id='word_1_212' title='bbox 435 3974 518 4051; x_wconf 77' lang='lat' dir='ltr'><strong>Quis</strong></span> <span class='ocrx_word' id='word_1_213' title='bbox 548 3987 656 4038; x_wconf 85' lang='lat' dir='ltr'><strong>autem</strong></span> <span class='ocrx_word' id='word_1_214' title='bbox 688 3975 728 4039; x_wconf 90' lang='lat' dir='ltr'><strong>ab</strong></span> <span class='ocrx_word' id='word_1_215' title='bbox 759 3998 819 4061; x_wconf 88' lang='lat' dir='ltr'><strong>ope</strong></span> <span class='ocrx_word' id='word_1_216' title='bbox 844 3990 968 4042; x_wconf 64' lang='lat' dir='ltr'><strong>naturae</strong></span> <span class='ocrx_word' id='word_1_217' title='bbox 998 3980 1083 4044; x_wconf 91' lang='lat' dir='ltr'><strong>bunc</strong></span> <span class='ocrx_word' id='word_1_218' title='bbox 1109 3997 1276 4047; x_wconf 85' lang='lat' dir='ltr'><strong>assecutus</strong></span> <span class='ocrx_word' id='word_1_219' title='bbox 1299 3994 1345 4049; x_wconf 90' lang='lat' dir='ltr'><strong>est</strong></span> 
     </span>
     <span class='ocr_line' id='line_1_32' title="bbox 390 4075 1347 4159; baseline 0.009 -18"><span class='ocrx_word' id='word_1_220' title='bbox 390 4075 532 4152; x_wconf 89' lang='lat' dir='ltr'><strong>titulum,</strong></span> <span class='ocrx_word' id='word_1_221' title='bbox 549 4089 586 4141; x_wconf 93' lang='lat' dir='ltr'><strong>ut</strong></span> <span class='ocrx_word' id='word_1_222' title='bbox 600 4076 667 4140; x_wconf 87' lang='lat' dir='ltr'><strong>sine</strong></span> <span class='ocrx_word' id='word_1_223' title='bbox 690 4077 799 4142; x_wconf 89' lang='lat' dir='ltr'><strong>studio</strong></span> <span class='ocrx_word' id='word_1_224' title='bbox 820 4078 852 4141; x_wconf 92' lang='lat' dir='ltr'><strong>in</strong></span> <span class='ocrx_word' id='word_1_225' title='bbox 874 4080 1032 4159; x_wconf 91' lang='lat' dir='ltr'><strong>omnibus,</strong></span> <span class='ocrx_word' id='word_1_226' title='bbox 1049 4085 1146 4147; x_wconf 91' lang='lat' dir='ltr'><strong>immo</strong></span> <span class='ocrx_word' id='word_1_227' title='bbox 1162 4085 1213 4149; x_wconf 82' lang='lat' dir='ltr'><strong>vel</strong></span> <span class='ocrx_word' id='word_1_228' title='bbox 1227 4084 1260 4148; x_wconf 93' lang='lat' dir='ltr'><strong>in</strong></span> <span class='ocrx_word' id='word_1_229' title='bbox 1284 4106 1347 4149; x_wconf 89' lang='lat' dir='ltr'><strong>una</strong></span> 
     </span>
     <span class='ocr_line' id='line_1_33' title="bbox 388 4178 1347 4272; baseline 0.008 -29"><span class='ocrx_word' id='word_1_230' title='bbox 388 4179 584 4264; x_wconf 87' lang='lat' dir='ltr'><strong>linguarum,</strong></span> <span class='ocrx_word' id='word_1_231' title='bbox 600 4178 882 4264; x_wconf 88' lang='lat' dir='ltr'><strong>eloquentissimus</strong></span> <span class='ocrx_word' id='word_1_232' title='bbox 896 4181 1087 4248; x_wconf 88' lang='lat' dir='ltr'><strong>haberetur?</strong></span> <span class='ocrx_word' id='word_1_233' title='bbox 1114 4187 1227 4272; x_wconf 90' lang='lat' dir='ltr'><strong>utique</strong></span> <span class='ocrx_word' id='word_1_234' title='bbox 1242 4188 1269 4250; x_wconf 92' lang='lat' dir='ltr'><strong>si</strong></span> <span class='ocrx_word' id='word_1_235' title='bbox 1285 4187 1347 4251; x_wconf 91' lang='lat' dir='ltr'><strong>elo-</strong></span> 
     </span>
     <span class='ocr_line' id='line_1_34' title="bbox 390 4281 1348 4371; baseline 0.01 -28"><span class='ocrx_word' id='word_1_236' title='bbox 390 4295 538 4366; x_wconf 83' lang='lat' dir='ltr'><strong>quentem</strong></span> <span class='ocrx_word' id='word_1_237' title='bbox 558 4305 637 4362; x_wconf 90' lang='lat' dir='ltr'><strong>esse,</strong></span> <span class='ocrx_word' id='word_1_238' title='bbox 652 4281 771 4345; x_wconf 91' lang='lat' dir='ltr'><strong>bonum</strong></span> <span class='ocrx_word' id='word_1_239' title='bbox 787 4295 846 4360; x_wconf 90' lang='lat' dir='ltr'><strong>est,</strong></span> <span class='ocrx_word' id='word_1_240' title='bbox 861 4297 893 4347; x_wconf 88' lang='lat' dir='ltr'><strong>et</strong></span> <span class='ocrx_word' id='word_1_241' title='bbox 913 4285 1219 4371; x_wconf 88' lang='lat' dir='ltr'><strong>eloquentissimum,</strong></span> <span class='ocrx_word' id='word_1_242' title='bbox 1234 4288 1348 4353; x_wconf 90' lang='lat' dir='ltr'><strong>melius</strong></span> 
     </span>
     <span class='ocr_line' id='line_1_35' title="bbox 389 4381 1347 4478; baseline 0.009 -31"><span class='ocrx_word' id='word_1_243' title='bbox 389 4384 461 4448; x_wconf 85' lang='lat' dir='ltr'><strong>erit.</strong></span> <span class='ocrx_word' id='word_1_244' title='bbox 509 4386 623 4470; x_wconf 77' lang='lat' dir='ltr'><strong>Neque</strong></span> <span class='ocrx_word' id='word_1_245' title='bbox 639 4387 720 4450; x_wconf 86' lang='lat' dir='ltr'><strong>enim</strong></span> <span class='ocrx_word' id='word_1_246' title='bbox 738 4381 789 4447; x_wconf 91' lang='lat' dir='ltr'><strong>bic</strong></span> <span class='ocrx_word' id='word_1_247' title='bbox 804 4384 835 4448; x_wconf 93' lang='lat' dir='ltr'><strong>in</strong></span> <span class='ocrx_word' id='word_1_248' title='bbox 853 4387 1046 4452; x_wconf 88' lang='lat' dir='ltr'><strong>contrarium</strong></span> <span class='ocrx_word' id='word_1_249' title='bbox 1068 4390 1156 4467; x_wconf 91' lang='lat' dir='ltr'><strong>boni,</strong></span> <span class='ocrx_word' id='word_1_250' title='bbox 1171 4390 1261 4478; x_wconf 92' lang='lat' dir='ltr'><strong>quod</strong></span> <span class='ocrx_word' id='word_1_251' title='bbox 1277 4411 1347 4478; x_wconf 86' lang='lat' dir='ltr'><strong>pro·</strong></span> 
     </span>
    </p>
   </div>
   <div class='ocr_carea' id='block_1_6' title="bbox 0 0 1511 5592">
    <p class='ocr_par' dir='ltr' id='par_1_8' title="bbox 0 0 1511 5592">
     <span class='ocr_line' id='line_1_36' title="bbox 0 0 1511 5592; baseline 0 0"><span class='ocrx_word' id='word_1_252' title='bbox 0 0 1511 5592; x_wconf 95' lang='lat' dir='ltr'><strong> </strong></span> 
     </span>
    </p>
   </div>
  </div>
 </body>
</html>
