2992 5592
272 820 336 880 292
525 831 662 877 11111111
678 831 963 878 saanssnumuars

360 986 492 1060 Demea,
507 984 702 1049 Flaminium
719 986 811 1059 vivit,
827 985 964 1070 agitque
982 986 1145 1049 Numam.

270 1086 424 1149 Tantalus
438 1095 487 1150 est
501 1096 615 1149 auctor
630 1086 772 1168 cupidis,
788 1094 838 1148 est
853 1098 970 1150 auctor
986 1087 1098 1150 avaris
1157 1089 1235 1148 1661

357 1187 579 1270 Perpetuoque
594 1186 648 1249 siti
663 1187 788 1271 deperit
803 1197 901 1270 atque
918 1189 1017 1250 fame.

644 1288 695 1350 Dc
709 1286 854 1351 Britone.

270 1389 424 1454 Invenies
438 1392 545 1452 laetum
563 1391 739 1466 Britonem,
755 1390 782 1451 si
797 1410 912 1452 caseus
928 1389 1027 1467 adsit,

362 1492 438 1556 Plus
453 1503 558 1555 tamen
575 1491 732 1554 interdum
749 1489 867 1572 gaudet
881 1490 998 1554 adesse
1013 1492 1131 1554 libros.

272 1588 357 1656 Nam
373 1604 529 1676 quantum
545 1593 663 1675 patitur
678 1591 818 1653 Britonis
832 1600 951 1653 natura
966 1592 1019 1654 rel
1036 1591 1132 1667 ordo,

274 1722 279 1729 ·
360 1691 513 1772 Indulget
527 1691 643 1754 studiis
658 1690 921 1773 carminibusque
937 1703 1051 1765 vacut;
1150 1695 1231 1754 1670

273 1792 504 1880 Dispensauda
518 1793 633 1856 domus
647 1793 696 1855 illi
712 1793 885 1855 commissa
898 1793 1050 1873 resurgit,

361 1898 466 1977 Atque
481 1893 557 1956 mali
573 1893 698 1976 species
712 1893 775 1955 hoc
792 1892 943 1956 veniente
959 1895 1053 1974 fugit.

272 1998 348 2060 Non
360 2007 446 2059 amat
456 1995 542 2057 hunc
555 1995 718 2069 Balathro,
730 2015 796 2057 nou
809 1995 934 2066 Davus,
947 1995 1142 2079 Pamphilus
1155 1994 1233 2073 odit,

359 2095 483 2178 Cuique
499 2094 581 2156 nihil
594 2094 732 2175 gravius,
741 2100 843 2177 ‘quam
859 2094 999 2158 residere
1014 2095 1118 2159 domi.

657 2197 708 2258 Dc
725 2194 840 2257 Odore.

271 2296 343 2361 Odo
359 2297 448 2359 libris
464 2307 549 2359 totus
564 2297 737 2374 incumbit,
753 2296 809 2360 sed
824 2308 931 2361 tamen
947 2299 1024 2375 illis,
1147 2303 1232 2363 ltro

356 2397 420 2468 Qui
436 2395 600 2458 Christum
617 2397 773 2476 redolent,
788 2398 889 2479 gratia
904 2399 1008 2482 major
1020 2401 1118 2478 inest,

270 2498 337 2560 Hic
354 2498 458 2578 gravis
474 2498 665 2580 Eumolpis3
689 2501 869 2583 Encolpius
884 2501 972 2563 hunc
989 2511 1023 2564 11
1039 2502 1169 2566 Adonis

278 2583 282 2592 ’
358 2597 442 2662 Cum
458 2597 591 2661 Gittone
607 2610 732 2675 cavent,
746 2610 780 2661 11
794 2600 904 2662 Venus
920 2600 991 2684 ipsa
1007 2601 1112 2664 timet

271 2697 375 2764 Cauta
391 2719 505 2761 manus
520 2698 672 2776 Britonis,
687 2699 813 2762 Odonis
828 2709 861 2762 et
875 2720 972 2762 aurea
985 2700 1112 2782 lingua,

358 2804 445 2865 Dum
453 2800 615 2864 Christum
621 2801 776 2884 loquitur:
789 2802 904 2883 plenus
911 2813 1045 2886 uterque
1053 2804 1132 2869 fide.
1148 2810 1234 2871 1680

271 2901 318 2963 Hi
334 2902 393 2964 tibi
409 2901 474 2964 siut
488 2899 632 2973 comites,
647 2899 713 2962 illis
729 2910 786 2963 tua
801 2913 918 2963 cuncta
933 2903 1053 2981 revela,

359 3002 444 3064 Nam
462 2998 562 3074 Brito,
577 2998 663 3080 quod
678 2999 776 3077 ludis,
791 2999 879 3083 quod
894 3003 994 3086 sapis,
1009 3003 1086 3066 Odo
1106 3009 1236 3089 probat

646 3101 694 3162 De
711 3098 855 3166 Querolo.

270 3204 453 3268 Plautinum
469 3203 642 3275 Querolum
659 3201 781 3263 miraris
796 3202 915 3283 ubique
931 3202 1047 3284 videri,

356 3304 523 3386 Mancipio
538 3303 593 3365 tali
608 3322 675 3364 non
690 3313 777 3364 caret
792 3303 859 3364 ulla
873 3302 1007 3383 ‹lomus3

270 3404 346 3467 Non
361 3405 451 3467 illum
468 3404 594 3485 placare
610 3412 716 3485 potest
730 3404 868 3481 fortuna,
883 3405 1026 3484 Donate,
1150 3419 1238 3480 1685

357 3505 444 3576 Quin
460 3503 534 3565 sorti
551 3524 677 3585 semper
691 3502 840 3567 detrabat
854 3513 949 3586 atque
966 3506 1050 3569 Deo.

270 3603 435 3667 Divitibus
450 3605 578 3666 cunctis
595 3603 704 3666 videas
721 3603 846 3667 adstare
861 3606 1003 3682 volones,

357 3704 404 3767 Ut
417 3703 514 3765 modo
530 3725 590 3767 nec
607 3704 740 3767 Gnatho
755 3705 856 3786 possit
870 3705 989 3768 habere
1004 3707 1129 3774 locum.

269 3805 304 3869 Si
321 3804 429 3867 doleat
444 3802 532 3865 dives
547 3803 684 3887 cupidus
699 3805 858 3888 spoliante
874 3807 1001 3883 volone,

355 3904 568 3978 Quisdoleat?
580 3906 1010 3990 satisest,quidquidararua
1019 3909 1131 3976 habet.
1149 3919 1239 3982 1690

659 4007 710 4068 De
725 4006 830 4068 Zoilo.

268 4111 443 4197 Computut
458 4130 618 4195 expensas
634 4128 808 4185 serrorum,
823 4111 909 4174 facta
922 4112 1058 4176 revolvit

355 4213 476 4286 Zoilus,
493 4221 526 4273 ut
541 4208 662 4271 domini
679 4209 778 4270 stillet
792 4211 826 4272 in
842 4231 917 4275 aure
933 4213 992 4275 sui.

266 4313 355 4394 Ergo
372 4309 477 4374 fidelis
491 4309 561 4386 erit,
576 4309 651 4392 quia
665 4320 813 4391 sumptus
828 4324 941 4394 pensat
956 4313 1097 4376 heriles?

353 4412 441 4488 Non,
456 4407 512 4473 sed
527 4407 688 4473 adulando
704 4410 819 4492 quaerit
833 4421 866 4473 ct
880 4421 976 4491 auget
991 4432 1090 4494 opes3
