2992 5592
267 792 327 854 184
519 806 654 852 soranis
670 805 950 850 sanasnaarausts
1070 789 1156 864 [nra.
1173 806 1215 851 rr.

428 959 507 1044 Cap.
523 958 574 1020 28.
600 959 761 1033 Quomodo
774 978 812 1021 eo
827 959 870 1019 ait
886 957 1053 1020 utendum.

307 1084 374 1147 San
391 1082 462 1147 licet
477 1104 528 1145 ars
549 1082 611 1145 ista
632 1081 673 1144 ad
695 1081 896 1166 quammulta
912 1082 952 1145 sit
969 1082 1069 1161 utilis,
1084 1083 1140 1168 qui
1160 1082 1215 1146 ali-

264 1204 355 1245 orum
377 1183 508 1267 ignarus
532 1199 591 1261 est,
606 1205 668 1246 non
694 1195 830 1256 tantum,
848 1183 946 1267 hujus
970 1183 1160 1257 eruditione,
1177 1183 1215 1246 ad

266 1283 497 1369 philosophiam
516 1285 662 1369 juvatur,
676 1296 833 1368 quantum
857 1282 942 1357 hinc,
959 1301 1087 1369 sumpta
1110 1286 1216 1349 verbo·

266 1384 357 1449 sitate
380 1399 412 1449 et
437 1388 625 1461 temeritate,
650 1383 836 1470 impeditur.
881 1385 965 1450 Fere
988 1387 1072 1449 enim
1097 1387 1217 1450 inutilis

267 1498 315 1550 est
337 1486 450 1572 logica,
466 1488 491 1550 si
515 1488 554 1551 sit
578 1488 653 1551 sola.
700 1487 795 1548 Tunc
818 1486 947 1550 demum
971 1489 1102 1563 eminet,
1118 1510 1216 1572 quum

266 1587 488 1671 adjunctarum
500 1589 618 1653 virtute
631 1587 830 1673 splendescit.
865 1590 1000 1652 'l'enerae
1013 1602 1118 1652 tamen
1132 1589 1217 1652 retati

267 1690 498 1773 indulgendum
523 1704 570 1754 cst
594 1689 740 1774 amplius,
761 1702 794 1752 et
821 1702 857 1751 ut
879 1691 1003 1775 copiam
1028 1690 1217 1774 eloquentia

268 1805 438 1875 comparet,
453 1793 576 1856 interim
593 1806 639 1855 est
656 1791 787 1854 ferenda
802 1791 988 1856 verbositas.
1030 1793 1122 1856 Sicut
1137 1792 1216 1854 enim

267 1916 411 1979 corpora,
426 1894 469 1956 sic
484 1908 515 1957 et
536 1894 663 1977 ingenia
687 1892 831 1978 puerilia,
847 1891 1002 1977 imprimis
1017 1891 1130 1956 alenda
1146 1904 1217 1955 sunt

270 2017 308 2057 ne
323 1998 515 2057 inarescant:
547 2010 577 2059 et
596 2009 632 2059 ut
656 2018 676 2058 a
701 1993 897 2079 plenitudine
921 2008 952 2056 et
978 1994 1067 2078 copia
1091 1994 1219 2056 alimen-

270 2110 373 2158 torum
391 2119 485 2159 succo
500 2096 721 2161 distendantur
736 2096 777 2158 ad
799 2096 898 2158 robur
921 2095 1171 2179 concipiendum,
1186 2108 1218 2158 et

271 2209 305 2257 nt
330 2218 414 2271 caro,
430 2198 569 2280 quodam
596 2196 789 2259 dilatationis
813 2218 878 2258 sure
894 2193 970 2258 vitio
990 2193 1021 2256 in
1042 2194 1101 2256 hac
1126 2209 1220 2258 aetate

270 2297 421 2362 luxuriet.
466 2297 536 2361 Hoc
545 2311 651 2360 autern
665 2310 697 2359 et
710 2296 825 2359 laboris
836 2298 1034 2373 exercitium,
1047 2309 1079 2360 et
1095 2297 1220 2383 pondus

270 2397 502 2477 sollicitudinis,
518 2414 550 2462 et
574 2398 708 2481 diligens
731 2421 838 2484 opera,
861 2397 1004 2483 sequenti
1028 2414 1124 2464 aetate
1148 2401 1222 2463 satis

269 2514 427 2584 excoquet
456 2517 488 2565 et
519 2502 681 2587 purgabit.
728 2500 923 2564 Procedente
953 2525 1029 2584 ergo
1059 2515 1164 2580 aetate,
1189 2514 1219 2565 et

271 2621 376 2679 sensu,
392 2603 590 2667 verbositatis
613 2603 800 2666 cohibeatur
823 2602 959 2680 licentia,
974 2617 1006 2666 et
1032 2603 1224 2688 sophisticae,

273 2706 385 2786 (quam
411 2702 596 2766 Aristoteles
621 2702 809 2780 dictitivam,
835 2724 892 2763 nos
917 2703 1224 2777 circumventoriam,

276 2802 324 2866 vel
348 2804 573 2867 cavillatoriam
597 2804 701 2868 dicere
725 2803 919 2888 possumus)
942 2804 1131 2888 improbitas
1154 2829 1226 2868 con·

274 2906 425 2991 quiescat.
473 2907 584 2968 Manet
609 2905 675 2967 lraec
700 2903 879 2967 sollicitudo
903 2926 988 2979 eum,
1005 2906 1061 2989 qui
1088 2906 1225 2970 doctoris

275 3027 387 3068 nomen
404 3019 435 3070 et
451 3004 587 3068 officium
605 3003 759 3067 vendicat.
806 3005 904 3065 Porro
924 3004 1048 3068 inutilis
1068 3019 1114 3069 est
1130 3028 1225 3090 opera

276 3125 521 3200 praceptorum,
538 3107 563 3170 si
583 3130 643 3170 non
670 3129 728 3169 usu
753 3118 784 3169 et
809 3104 959 3168 exercitio
982 3107 1110 3170 assiduo
1136 3109 1225 3172 robe

276 3225 385 3275 retur:
417 3210 477 3273 nisi
493 3213 574 3273 forte
589 3211 621 3273 io
637 3208 783 3274 habitum
801 3207 959 3272 transierit
975 3209 1152 3295 dispositio.

280 3466 359 3549 Cap.
376 3467 427 3532 29.
454 3469 547 3541 Quod
556 3471 718 3532 temeritas
729 3467 940 3531 odolescentia
951 3469 1174 3548 reprimendo:
1199 3477 1229 3531 et

320 3587 421 3646 quare
435 3568 623 3631 Mercurius
637 3574 775 3632 societur
797 3570 1001 3650 Philoloyiae:
1031 3578 1059 3630 et
1079 3573 1228 3649 primaint

320 3671 479 3748 praecipue
493 3670 678 3749 enpetendo.

324 3797 400 3857 Nori
417 3805 521 3855 tamen
537 3815 573 3854 ea
593 3792 720 3857 licentia
743 3807 790 3857 est
814 3793 1046 3879 indulgendum
1071 3793 1230 3878 gymnasi-

280 3916 371 3958 orum
387 3892 553 3967 exercitiis‚
568 3915 643 3974 quae
666 3895 754 3976 quasi
770 3896 864 3980 jocus
887 3895 1017 3979 quidam
1041 3907 1071 3957 et
1093 3894 1230 3980 palestra

284 3995 496 4081 Philosophiae
512 3994 672 4079 agitantur
687 3996 716 4057 in
734 4018 790 4081 spe
813 3996 1009 4083 proficiendi,
1025 4008 1061 4060 ut
1085 3997 1115 4059 in
1132 4020 1230 4060 annos

282 4099 479 4175 maturiores,
508 4110 564 4160 aut
594 4096 626 4158 in
658 4097 764 4160 studia
801 4098 948 4183 graviora
986 4098 1229 4182 protendantur.

283 4202 440 4270 Scurriles
476 4198 615 4284 ineptire,
647 4197 766 4260 insulsa
803 4198 988 4285 loquacitas,
1018 4211 1049 4260 et
1084 4198 1230 4272 clamosa,

283 4310 423 4393 itemque
447 4302 557 4367 levitas
579 4299 718 4386 puerilis
740 4323 812 4364 cum
842 4300 942 4385 prima
962 4299 1113 4384 lanugine
1135 4300 1231 4387 depo·

285 4409 386 4470 nenda
404 4419 488 4470 sunt.
535 4405 616 4468 Haec
638 4399 793 4486 siquidem
818 4422 921 4483 agere,
938 4413 984 4462 est
1008 4399 1231 4486 philosophum
