2992 5592
450 829 528 875 vrrs
543 829 660 876 ssncrr
676 830 834 876 ansatur.
1057 820 1121 883 ata

170 984 375 1046 acerbitatem
395 984 573 1059 blanditiis,
589 1004 675 1046 nunc
700 983 836 1067 puerilia
857 995 1013 1066 quantum
1034 986 1123 1067 rigor

170 1086 294 1148 sinebat
323 1085 444 1149 ordinis
473 1087 610 1148 tolerans
636 1097 669 1148 et
698 1105 793 1168 prece
819 1085 869 1147 rel
899 1085 1121 1150 exhortatione

170 1186 288 1269 sapius
308 1198 411 1264 utens,
427 1188 529 1272 jussis
551 1207 632 1265 raro,
653 1185 890 1269 perversitatem
915 1207 1034 1250 morum
1057 1208 1122 1252 non

169 1301 232 1350 tam
248 1287 367 1372 eripuit
382 1310 478 1372 quam
494 1287 659 1370 surripuit;
678 1297 710 1350 et
726 1285 964 1370 quodammodo
979 1288 1122 1370 ignarum

170 1388 408 1453 adolescentem
420 1390 537 1462 divinae
551 1389 634 1470 legis
645 1389 785 1452 nexibus
800 1387 1005 1473 compedivit
1036 1393 1123 1454 Nam

169 1491 270 1572 primo
292 1492 433 1554 omnium
458 1490 610 1574 repressit
625 1489 747 1569 odium,
762 1501 835 1574 post
855 1491 1010 1567 extinxit3
1031 1491 1067 1553 in
1088 1513 1123 1555 se

170 1591 287 1656 deinde
302 1593 486 1675 provocavit
501 1593 665 1668 affectum,
679 1605 713 1656 et
727 1593 844 1656 sensim
860 1592 895 1656 in
909 1592 980 1675 jam
994 1595 1124 1657 exculto

169 1707 300 1776 pectore
323 1694 404 1757 sevit
418 1705 451 1757 et
467 1694 546 1757 aluit
563 1695 689 1756 sincera
708 1693 852 1775 gramina
874 1694 1024 1757 caritatis.
1070 1694 1124 1759 Sic

169 1796 280 1878 itaque
295 1816 337 1859 ex
352 1795 551 1876 benignitate
566 1808 600 1859 et
614 1795 838 1859 benevolentia
845 1796 978 1879 juvenis
997 1816 1125 1880 promp-

170 1898 326 1960 tissimam
352 1894 567 1959 obedientiam
595 1896 791 1980 procurarit,
821 1897 938 1980 utqui
962 1909 1035 1961 ante
1061 1918 1125 1960 non

171 1997 371 2074 admittebat,
397 2018 417 2060 a
445 2018 638 2080 quocunque
668 1997 718 2060 vel
748 1999 845 2061 verba
873 2018 960 2061 nunc
986 1999 1126 2082 amplec-

171 2110 290 2162 teretur
323 2109 355 2162 et
391 2101 533 2162 verbera.
593 2098 657 2171 Qui
695 2100 835 2162 omnium
872 2101 1127 2182 perversissimus

171 2202 284 2279 luerat,
300 2222 411 2263 omnes
432 2209 614 2264 coetaneos
635 2198 676 2262 de
696 2200 811 2265 virtute
830 2201 865 2265 in
886 2202 1034 2266 virtutem
1053 2223 1126 2286 pro·

175 2302 287 2365 ficiens
303 2303 483 2380 antecessit,
497 2311 529 2365 et
544 2301 586 2365 ad
601 2299 809 2385 perfectiores
824 2304 960 2367 accessit
976 2303 1010 2367 in
1025 2304 1125 2367 brevi.

172 2404 238 2468 Alii
253 2425 391 2488 namque
411 2406 445 2468 in
468 2425 517 2482 eo,
532 2406 618 2469 velut
636 2406 669 2467 in
691 2405 833 2489 quodam
853 2408 986 2490 speculo
1009 2405 1125 2471 divinae

173 2507 291 2588 gratiae,
316 2506 400 2591 quod
424 2507 619 2571 imitarentur
642 2522 675 2570 et
695 2506 783 2570 unde
805 2508 903 2571 vitam
924 2530 1013 2573 suam
1040 2528 1128 2571 com·

172 2621 338 2692 ponerent,
361 2609 455 2672 facile
478 2621 626 2690 poterant
653 2609 781 2672 intueri.
826 2608 891 2671 Sed
914 2629 1013 2691 quum
1035 2630 1128 2672 max·

172 2712 254 2774 imus
270 2711 345 2774 inde
360 2711 483 2774 fructus
495 2711 654 2773 Ecclesiae
669 2719 863 2792 speraretnr3
881 2710 1011 2792 juvenis
1027 2722 1127 2775 morte

172 2814 342 2877 immatura
366 2834 440 2875 cum
466 2812 590 2890 ingenti
617 2811 727 2873 dolore
757 2821 790 2872 et
818 2809 959 2873 lacrimis
983 2813 1127 2876 omnium

176 2927 357 2997 preventus
387 2926 444 2977 est
504 2913 556 2974 Eo
586 2933 660 2975 vero
689 2913 723 2974 in
753 2911 923 2975 ecclesiam
952 2933 1011 2996 pro
1041 2935 1129 2979 more

174 3017 291 3095 delato,
314 3017 486 3079 Ansclmus
516 3014 648 3077 secessit
680 3015 714 3076 in
745 3013 949 3077 secretiorem
978 3017 1130 3080 orationis

174 3120 296 3191 locum,
314 3118 438 3180 caeteris
454 3117 541 3180 circa
555 3114 742 3180 defunctum
762 3117 794 3179 in
814 3115 1012 3180 orationibus
1031 3139 1127 3183 occu·

174 3221 268 3303 patis.
314 3219 379 3290 Qui
406 3239 504 3301 quum
527 3240 569 3281 ex
595 3219 722 3282 tristitia
743 3228 775 3281 et
796 3218 947 3296 lacrimis,
969 3230 1004 3283 ut
1025 3219 1073 3297 fit,
1095 3221 1129 3285 in

174 3321 333 3386 somnium
349 3319 473 3382 lumina
487 3320 651 3402 paululum
667 3318 859 3394 declineret;
881 3316 962 3382 vidit
976 3314 1129 3403 personas

176 3420 315 3485 candore
332 3421 438 3482 vultus
453 3429 486 3482 et
500 3420 598 3482 restis
621 3420 775 3502 insignes,
789 3432 825 3484 ut
842 3420 883 3484 de
902 3421 1050 3485 Osberno
1069 3442 1128 3488 suo

177 3521 348 3584 dictaretur
363 3518 530 3594 indicium,
546 3518 722 3583 considere.
768 3518 873 3583 Adest
894 3529 928 3583 et
944 3521 998 3584 ille
1017 3523 1129 3588 similis

178 3619 312 3692 homini,
336 3640 432 3702 quem
455 3627 511 3681 aut
539 3618 672 3682 minutio
698 3620 797 3683 nimia
821 3620 870 3683 rel
895 3622 1030 3704 languor
1054 3625 1131 3690 fecit

178 3740 384 3802 exsanguem.
422 3719 575 3782 Anselmo
592 3739 665 3781 vero
677 3719 815 3783 sollicite
826 3720 1017 3803 inquirente,
1031 3746 1130 3809 quam

178 3821 368 3889 sententiam
383 3820 579 3904 excepisset,
592 3819 771 3904 respondit.
795 3823 815 3854 ‘⁴
830 3822 895 3885 Ter
909 3823 1082 3889 insurrexit
1096 3828 1130 3892 in

181 3948 230 3990 me
253 3945 384 4008 serpens
406 3924 567 4008 antiquus,
588 3932 620 3986 et
642 3932 689 3986 ter
710 3921 831 3988 cecidit
852 3925 885 3987 in
911 3927 1069 4010 seipsum
1098 3941 1131 3993 et

182 4025 311 4091 tandem
335 4024 487 4089 Ursarius
510 4024 642 4087 Domini
665 4025 813 4088 liberarit
837 4025 916 4088 me.’‘
960 4028 1132 4094 Probabile

181 4128 310 4214 quidem
328 4142 376 4191 est
390 4128 488 4191 luisse
500 4128 592 4191 tertio
607 4127 800 4210 impetitum,
811 4127 868 4211 qui
881 4140 915 4191 et
929 4127 969 4191 de
984 4129 1133 4212 originali

181 4242 254 4293 ante
276 4231 482 4315 baptismum,
502 4239 534 4292 et
556 4228 596 4293 de
618 4227 800 4293 actualibus
821 4240 935 4312 postea
955 4233 1134 4299 commissis

182 4345 254 4394 ante
275 4331 513 4408 monachatum,
534 4341 567 4393 et
588 4330 629 4395 de
647 4332 907 4414 prevaricatione
927 4332 1133 4416 pmfessionis

183 4432 366 4496 monasticae
396 4442 520 4515 poterat
548 4433 691 4496 accusari
723 4454 780 4514 per
808 4434 1000 4497 calumniam
1031 4435 1132 4504 bostis
