2992 5592
292 796 352 856 186
546 809 682 855 ioannis
699 807 981 853 sannsnnamusrs
1101 791 1185 871 [un.
1202 813 1241 858 n.

285 958 414 1044 quidem
431 979 574 1046 saporem
589 960 753 1044 appetitus
776 957 883 1042 potius
898 956 1062 1042 exprimit,
1078 982 1178 1044 quam
1195 984 1241 1024 sa-

284 1058 445 1146 pientiam,
461 1084 535 1145 quae
550 1060 582 1123 in
599 1059 778 1124 divinorum
802 1058 1069 1145 contemplatione
1083 1063 1238 1128 consistit.

288 1161 349 1224 Illa
363 1161 458 1236 enim,
473 1184 535 1224 non
552 1161 733 1233 Phronesis,
752 1159 806 1222 sed
823 1158 915 1233 σοφία
928 1158 1122 1243 appellatur.

623 1331 703 1415 Cap.
719 1331 772 1394 30.
798 1331 897 1394 Idem.

329 1455 459 1519 Hauon
476 1476 551 1517 vero
572 1452 747 1539 philologia
769 1452 873 1538 prima
888 1467 947 1529 est,
964 1469 995 1518 et
1011 1477 1086 1540 qnoe
1102 1455 1236 1520 aliarum

284 1569 443 1632 naturam,
454 1555 529 1632 vim,
540 1565 572 1617 et
586 1554 717 1619 consilia
728 1554 867 1618 indicat:
892 1554 1052 1640 siquidem
1062 1579 1165 1642 quum
1180 1580 1236 1621 un·

283 1656 382 1742 dique
396 1655 574 1743 probabilia
587 1654 689 1718 multa
699 1668 868 1718 occurrant
885 1655 990 1740 (quia,
1004 1668 1040 1719 ut
1053 1660 1099 1721 ait
1116 1659 1239 1742 Pytha-

282 1780 387 1844 goras,
400 1755 464 1821 lere
479 1756 519 1820 de
534 1757 619 1820 omni
635 1779 668 1820 re
684 1770 789 1842 potest
804 1760 836 1820 in
852 1758 1047 1821 contrarium
1063 1758 1236 1843 disputari)

283 1881 389 1924 rerum
412 1859 633 1924 certitudinem
657 1860 785 1944 quierit,
808 1870 841 1922 et
866 1858 1013 1943 diligenti
1037 1860 1166 1925 cautela
1187 1860 1240 1925 de·

283 1961 380 2025 clinat
405 1981 543 2036 errores;
581 1974 613 2024 et
635 1961 718 2023 sicut
741 1963 851 2024 virtus
872 1969 919 2024 eat
942 1964 1053 2024 sitium
1064 1965 1188 2044 fingere
1209 1971 1240 2027 et

281 2065 443 2144 sapientia
465 2067 585 2144 prima,
609 2062 753 2125 stultitia
775 2063 932 2142 camiac,
954 2062 1093 2146 sicquae
1115 2085 1237 2146 praeca·

281 2175 369 2225 veret
391 2182 527 2225 errorem
553 2163 608 2225 has
630 2185 704 2246 quae
727 2163 864 2229 virtutes
885 2164 1019 2229 afferunt
1044 2164 1236 2230 naturaliter

282 2262 457 2326 antecedit:
492 2276 524 2326 et
551 2274 588 2326 ut
614 2262 764 2342 sunonis,
786 2277 855 2338 aut,
883 2283 920 2329 ut
946 2263 1063 2328 rectius
1089 2265 1238 2345 dixerim,

282 2363 433 2428 Martiani
445 2362 543 2426 verba
557 2377 728 2448 ponantur,
741 2386 782 2427 an
798 2366 968 2451 quisquam
981 2379 1040 2442 est,
1053 2367 1112 2452 qui
1129 2366 1237 2430 Philo·

281 2464 376 2550 logiae
388 2487 420 2528 se
431 2478 549 2528 asserat
565 2465 749 2550 pravilegia
763 2467 917 2545 laborata,
929 2482 961 2532 et
977 2468 1237 2532 lucubrationum

281 2566 449 2653 praemium
479 2568 598 2630 nescire
629 2566 798 2645 Pallorem,
825 2592 900 2654 quae
927 2569 1024 2635 etiam
1056 2567 1144 2634 Deos
1169 2571 1240 2654 qui·

283 2683 423 2734 escentes
437 2668 479 2733 ad
494 2693 527 2735 se
543 2669 649 2733 venire
665 2669 810 2734 inaudita
824 2671 1040 2736 obsecratione
1055 2673 1235 2758 compellit:

283 2784 316 2837 et
337 2771 437 2857 paulo
456 2793 553 2856 supra
575 2769 713 2850 Coelum,
729 2784 857 2848 terram,
873 2794 970 2852 mare,
985 2787 1018 2838 et
1041 2794 1117 2858 quae
1139 2773 1171 2837 in
1194 2772 1239 2835 eis

287 2890 372 2948 sunt,
389 2873 493 2958 prima
508 2884 688 2936 scrutatur:
713 2895 799 2958 quae,

352 3007 467 3074 Pervigil
479 3008 506 3058 in
518 3006 618 3058 modico
629 3010 770 3076 penetrans
781 3022 875 3056 maana
886 3004 985 3069 labore,

350 3093 419 3154 Quae
430 3093 498 3162 potis
510 3097 551 3144 est
562 3091 638 3143 docta
650 3095 734 3142 totum
745 3097 899 3159 prevertere
911 3107 972 3141 cura

350 3179 429 3241 Quod
440 3179 539 3250 superis
551 3178 671 3249 praescire
684 3177 772 3228 datum
784 3181 833 3228 est.
869 3175 941 3237 Quin
953 3175 1069 3228 crebrius
1081 3177 1109 3229 in
1122 3195 1170 3230 nos

350 3264 399 3316 Jns
410 3263 491 3316 habet
501 3263 556 3326 illa,
569 3264 642 3316 Deos
654 3280 751 3329 urgens
763 3263 861 3334 injussa
873 3266 985 3330 coactos,

350 3350 387 3400 Et
399 3350 465 3416 quod
479 3349 549 3401 nulla
561 3360 639 3418 queat
652 3366 773 3419 superum
784 3354 885 3399 tentare
898 3353 1015 3417 potestas

352 3433 439 3484 Invito
451 3436 500 3486 soit
511 3452 586 3505 posse
597 3436 683 3488 Jnvn.

324 3549 488 3636 Siquidem
505 3567 541 3617 ut
556 3554 601 3618 ait
617 3555 709 3631 alius,
725 3577 787 3617 non
803 3554 934 3618 inferior
950 3555 1127 3639 Martiano,

545 3687 631 3740 Labor
643 3689 775 3759 improbus
786 3689 873 3741 omnia
883 3689 971 3742 vincit.

278 3803 399 3888 Liquet
414 3814 519 3866 autem
536 3827 576 3867 ex
592 3805 848 3890 praecedentibus
859 3807 899 3870 ad
916 3808 986 3885 hoc,
1000 3821 1036 3873 ut
1052 3832 1164 3874 sensus
1179 3809 1232 3890 sit,

278 3905 372 3992 plura
393 3926 596 3968 concurrere:
632 3918 668 3969 ut
691 3905 755 3968 sint
776 3909 918 3973 exterius
938 3910 1180 3992 offendiculum,
1202 3912 1235 3976 in

279 4031 375 4095 quem
398 4006 546 4091 impingit
568 4006 710 4093 spiritus,
732 4010 877 4074 minister
899 4011 1067 4088 sentiendi,
1082 4012 1235 4100 idemque

279 4110 412 4198 spiritus
425 4108 482 4195 qui
506 4108 672 4173 exterioris
693 4109 851 4176 obstaculi
874 4113 1062 4198 qualitatem
1085 4113 1127 4177 ad
1149 4116 1237 4179 noti·

278 4215 354 4278 tiam
370 4215 483 4279 anima
497 4213 630 4300 profert.
676 4217 722 4278 Ut
738 4214 799 4277 sint
821 4215 893 4292 tria,
909 4215 1015 4278 anima
1035 4238 1111 4301 quae
1126 4216 1237 4296 sentit,

278 4315 420 4402 spiritus,
431 4340 497 4405 quo
513 4316 620 4393 sentit,
632 4329 664 4379 et
675 4314 915 4392 offendiculum,
929 4317 1017 4403 quod
1030 4319 1234 4382 extrinsecus

277 4421 382 4485 sentit.
431 4420 500 4496 His,
521 4433 556 4484 ut
578 4416 766 4504 praedictum
789 4431 847 4496 est,
859 4419 1018 4483 excitatur
1042 4419 1088 4483 vis
1111 4418 1235 4485 delibe-
