2992 5592
403 794 465 852 356
664 795 803 847 roannrs
818 797 1100 844 sanasannransrs

405 960 488 1022 euim
504 957 536 1018 in
552 955 634 1017 albis
656 953 803 1016 indutum
821 951 934 1013 videns
955 963 987 1014 et
1003 950 1255 1035 pontificalibus
1271 954 1357 1033 in'sig

405 1061 517 1137 nitum,
528 1058 673 1120 recolens
684 1053 816 1138 quidem
832 1053 873 1114 de
888 1055 982 1115 rebus
993 1054 1147 1115 humanis
1160 1068 1356 1137 exemptum

405 1159 425 1191 “
442 1158 613 1234 Ubinam‚''
640 1157 753 1239 inquit,
780 1166 881 1236 pater,
906 1151 1018 1234 degis?
1059 1155 1239 1226 Quomodo
1267 1153 1355 1218 viris?

407 1261 535 1333 Quidve
554 1261 623 1340 agis
635 1258 664 1321 ?”
699 1259 744 1319 Et
764 1258 827 1333 ille,
849 1259 868 1288 “
885 1257 936 1318 lbi
959 1257 1041 1332 riro,
1063 1257 1120 1318 ubi
1139 1256 1249 1333 rideo,
1269 1259 1358 1329 laetor,

405 1362 606 1446 perfungor!²
644 1363 687 1423 Ar
701 1360 754 1421 ille
771 1358 847 1419 dum
866 1359 1112 1439 expergefactus
1128 1359 1203 1421 haec
1219 1358 1356 1431 rer-olrit;

408 1474 580 1546 equatuor
595 1462 698 1523 verbis
719 1481 815 1522 unum
839 1460 898 1520 sibi
919 1457 1007 1520 dolet
1028 1461 1188 1542 clapsum.
1237 1461 1274 1522 Iu
1295 1460 1355 1541 ipsa

410 1584 484 1627 vero
500 1564 623 1627 tristitia
634 1562 771 1645 quodam
789 1561 979 1639 intervigilio
991 1581 1104 1622 rocem
1120 1562 1186 1623 sibi
1199 1561 1355 1622 manifesto

410 1664 570 1726 dicentem
586 1663 684 1738 audit,
701 1663 825 1734 Laetor·;
848 1673 879 1723 et
898 1661 960 1722 hoc
983 1661 1115 1743 quidem
1134 1663 1267 1724 verbum
1288 1661 1355 1723 arni·

410 1775 501 1827 serat.
548 1764 645 1828 Unde
661 1763 749 1826 etde
765 1763 868 1825 Patris
888 1762 988 1842 gloria
1009 1760 1150 1844 amplius
1166 1764 1355 1833 certioratur.

411 1866 580 1948 plurimum
590 1865 931 1939 exultar·it,immensas
941 1864 1057 1941 gratias
1069 1864 1212 1925 reserens
1221 1863 1356 1925 creatori.

411 1967 457 2029 Et
483 1979 518 2029 ut
542 1967 583 2028 ad
609 1967 760 2027 barbaros
786 1964 872 2025 beati
902 1964 1095 2025 confessoris
1119 1964 1356 2045 protenderetur

412 2068 531 2148 gloria;
554 2081 694 2129 matrona
715 2064 861 2147 quaedam
884 2064 916 2124 in
940 2064 1084 2145 partibus
1103 2064 1223 2127 Scotiae
1238 2087 1257 2127 a
1273 2065 1355 2126 nobi·

410 2168 495 2229 libus
511 2167 623 2247 Anglis
638 2168 755 2247 genita,
767 2177 799 2228 et
813 2164 845 2225 in
863 2163 1044 2227 Christiana
1058 2164 1213 2244 religione
1228 2166 1358 2227 circum·

411 2287 538 2349 quaque
554 2267 699 2347 probata,
714 2264 874 2346 Estryldis
894 2265 1034 2336 nomine,
1050 2265 1136 2344 grari
1153 2265 1307 2346 languore
1320 2263 1357 2326 ad

411 2378 545 2428 mortem
565 2387 667 2448 usque
690 2364 830 2427 deducta
849 2378 905 2427 est
957 2364 1021 2427 Sed
1039 2365 1172 2427 taudem
1193 2366 1280 2428 beati
1300 2367 1357 2427 An·

413 2466 505 2528 selmi
533 2465 674 2546 cingulo,
697 2464 738 2526 de
768 2486 833 2546 quo
852 2465 919 2545 jam
951 2465 1104 2538 diximus,
1131 2466 1241 2528 cincta
1270 2468 1357 2549 plene

414 2567 585 2630 convaluit.
641 2567 704 2628 His
733 2565 884 2638 interfuit,
913 2566 982 2627 lraec
1013 2566 1094 2629 ridit
1123 2578 1157 2629 et
1186 2569 1360 2650 procurarit

409 2667 556 2751 jucunda
572 2666 792 2730 recordatione
813 2665 930 2745 diguus
950 2666 1120 2730 Edmerus.
1168 2669 1207 2730 Iu
1224 2669 1359 2731 Cantua·

413 2769 511 2832 riensi
534 2769 671 2832 ecclesia
693 2782 787 2831 acuta
807 2768 893 2831 febre
916 2770 1080 2832 laborabat
1102 2771 1196 2832 frater
1218 2783 1359 2851 aegrotus.

414 2871 521 2941 Quum
551 2891 628 2948 ergo
665 2868 860 2933 medicorum
893 2890 986 2930 omne
1017 2883 1157 2932 cesserat
1187 2871 1360 2944 auxilium

413 2982 588 3032 memorato
603 2971 731 3050 cingulo
751 2967 980 3031 circumdatum
996 2980 1045 3031 est
1060 2972 1179 3033 collum
1195 2971 1276 3054 ejus,
1291 2992 1361 3054 pro·

414 3079 545 3132 curante
568 3067 719 3144 Edmero,
745 3077 777 3130 et
800 3079 929 3130 sanatus
955 3081 1012 3131 est
1058 3070 1216 3133 Mulieres
1236 3091 1361 3155 quoque

414 3169 597 3230 laborantes
619 3168 651 3229 in
673 3181 765 3249 partu
785 3181 863 3248 quot
883 3189 920 3229 eo
941 3168 1070 3248 cingulo
1093 3170 1214 3253 adjutae
1237 3186 1313 3234 sunt
1331 3173 1360 3233 iu

415 3271 595 3352 puerperio,
616 3270 728 3330 referre
749 3289 813 3329 non
834 3269 984 3350 expedit;
1011 3271 1087 3352 quia
1110 3273 1208 3334 nimis
1235 3274 1361 3355 longum

414 3382 446 3432 et
465 3372 575 3433 multis
594 3383 716 3432 notum.
761 3369 886 3431 Eodem
910 3371 1038 3450 cingulo
1056 3387 1186 3435 sanatus
1208 3388 1256 3437 est
1273 3378 1362 3437 frater

415 3471 484 3533 sine
514 3471 600 3533 omni
630 3485 771 3553 ruptura,
801 3474 852 3534 cui
883 3471 942 3534 sub
972 3475 1126 3536 umbilico
1164 3476 1197 3538 iu
1235 3476 1363 3540 modum

414 3574 546 3654 splraerae
578 3573 754 3651 grandioris
783 3574 898 3652 ingens
927 3576 1089 3639 coaluerat
1119 3590 1233 3641 tumor.
1290 3580 1361 3642 Hoc

414 3671 653 3735 Cantuariensis
682 3675 771 3736 norit
800 3676 954 3751 ecelesia;
986 3679 1137 3759 quoniam
1167 3680 1216 3741 ibi
1245 3681 1362 3743 sactum

414 3768 540 3832 celebre
557 3785 614 3832 est.
660 3775 831 3855 Elpbegus
847 3777 987 3857 quidam,
1002 3778 1089 3861 quod
1105 3780 1237 3861 publice
1254 3791 1363 3842 notum

414 3878 472 3943 est,
487 3889 507 3928 a
520 3868 683 3930 nativitate
699 3891 816 3943 caecus‚
829 3873 954 3953 surdus,
969 3888 1074 3938 mutus
1090 3886 1159 3938 erat
1172 3888 1207 3938 et
1221 3877 1361 3941 claudus.

413 3971 459 4032 Et
478 3970 539 4032 hoc
563 3969 691 4052 quidem
711 3973 842 4053 publice
862 3985 982 4039 notum.
1030 3977 1106 4050 Hic,
1122 3979 1208 4040 sicut
1224 3999 1363 4061 praesens

414 4084 546 4134 testatur
565 4071 645 4144 dies,
661 4069 701 4134 ad
723 4072 928 4156 sepulc-brom
947 4078 1034 4139 beati
1056 4079 1212 4155 Anselmi‚
1233 4081 1361 4163 plenam

411 4174 444 4233 in
468 4173 519 4234 his
541 4175 689 4235 omuibus
704 4176 822 4256 recepit
840 4177 1016 4240 sanitatem.
1063 4179 1177 4241 Vicum
1202 4182 1361 4264 quendam

412 4273 498 4333 beati
518 4271 684 4335 Edmrrndi
705 4274 889 4337 incendium
911 4279 1092 4360 occuparit,
1107 4293 1140 4341 et
1160 4281 1294 4344 domum
1310 4303 1364 4345 cu-

407 4369 535 4456 jusdam
567 4373 621 4452 qui
648 4374 734 4435 beati
762 4376 902 4438 Anselmi
928 4375 1076 4441 alumnus
1103 4381 1204 4443 suerat
1231 4395 1263 4443 et
1286 4381 1364 4445 nibil
