2992 5592
447 821 522 865 vira
539 820 654 864 saucrr
672 818 829 864 assetur.
1048 806 1108 865 321

156 971 330 1036 caritatem.
379 973 473 1037 Unde
496 973 533 1036 fit
556 984 590 1036 ut
611 993 723 1056 pravas
749 983 781 1035 et
804 973 953 1055 spinosas
968 973 1111 1036 nutriant

154 1074 374 1152 cogitationes,
390 1075 567 1158 suspiciosi,
587 1074 722 1158 queruli,
739 1085 982 1150 munnurantes,
996 1072 1108 1150 invidi,

155 1173 326 1250 ambitiosi,
337 1173 500 1250 infideles3
521 1174 623 1257 etqui
640 1175 760 1236 nullam
776 1174 808 1236 in
825 1174 966 1257 praelatis
981 1173 1106 1256 experti

154 1288 238 1352 sunt,
249 1278 367 1339 nullam
383 1278 430 1340 eis
446 1279 495 1339 vel
507 1277 578 1339 aliis
593 1277 732 1338 referunt
745 1275 920 1338 caritatem.
944 1277 989 1337 Et
1005 1297 1106 1359 quan·

154 1387 218 1438 tum
243 1391 391 1441 crescunt
409 1379 442 1440 in
458 1378 656 1440 dissensione
677 1377 890 1439 membrorum
906 1376 939 1438 in
962 1397 1108 1459 corpore,

151 1489 243 1541 tanto
257 1479 458 1542 incremento
476 1480 550 1542 ritia
571 1488 790 1561 propagantur
805 1478 838 1540 in
861 1489 975 1541 mente.
1014 1479 1104 1540 Nun·

152 1578 305 1663 quidhoc
321 1581 411 1643 vobis
423 1578 544 1644 velletis
558 1578 647 1642 lieri?
671 1580 802 1643 Justitia
818 1590 921 1642 autern
938 1589 1053 1655 vestra,
1064 1601 1105 1642 nc

153 1681 244 1744 aliter
259 1680 376 1759 dicam,
390 1681 425 1744 in
447 1683 617 1766 propatulo
637 1682 716 1744 est.''
761 1682 929 1744 Familiare
949 1680 1106 1765 siquidem

153 1783 295 1846 habebat
310 1784 453 1867 probatis
469 1785 609 1847 moribus
624 1784 847 1867 exemplisque
864 1784 1044 1865 vulgaribus
1056 1805 1106 1847 as·

154 1904 277 1961 serere,
304 1895 337 1948 ct
352 1899 541 1962 sermonem,
556 1905 621 1947 non
635 1896 672 1946 ut
689 1886 791 1947 multa
804 1886 885 1947 seire
905 1897 937 1948 et
951 1883 1108 1948 facundus

153 1985 322 2064 rideretur,
336 1985 536 2049 auditoribus
556 1999 591 2050 ut
609 1983 798 2069 proficerent
816 1986 971 2050 intimare.
1005 1989 1044 2050 ln
1061 1986 1107 2050 eis

154 2107 281 2170 quoque
304 2087 498 2167 erudiendis,
518 2109 617 2171 quum
640 2109 866 2172 quemcunque
889 2090 1106 2170 magistratum

156 2189 245 2269 gerit,
260 2210 390 2273 operam
410 2190 542 2252 multam
563 2188 678 2263 dabat;
705 2211 744 2251 ee
765 2189 852 2274 quod
873 2190 999 2253 illorum
1017 2190 1106 2252 insti·

156 2290 235 2352 tutio
250 2301 356 2373 potest
371 2288 518 2354 omnibus
531 2292 579 2354 rel
594 2289 745 2373 prodesse
758 2291 805 2353 rel
821 2292 934 2354 obesse
944 2291 1105 2376 subjectis.

157 2391 221 2454 llis
242 2390 359 2455 auditis
380 2393 479 2455 abbas
508 2391 683 2472 ingemuit3
722 2402 753 2453 et
778 2412 812 2454 sc
838 2412 858 2453 a
887 2391 938 2454 ria
968 2391 1106 2454 veritatis

156 2513 275 2557 errasse
292 2495 396 2577 palam
411 2495 577 2557 consessus
592 2506 648 2558 est.

199 2595 296 2657 Gravi
311 2595 436 2656 interim
452 2594 563 2656 morbo
578 2594 678 2656 abbas
700 2593 903 2656 Herlewinus
918 2592 1106 2667 conficitur3

156 2705 188 2756 et
203 2696 353 2758 Anselmo
369 2694 538 2777 dispositio
555 2692 804 2756 commendatur.
841 2694 930 2776 Equi
946 2707 978 2756 et
992 2703 1108 2757 caetera

156 2796 376 2859 itinerantibus
395 2795 577 2858 necessaria
600 2794 669 2877 ejus
690 2795 871 2877 specialiter
894 2794 1004 2856 usibus
1028 2816 1108 2878 praa·
1189 2806 1196 2821 ·

156 2908 315 2979 parantur.
362 2896 428 2959 Sed
449 2897 520 2978 ipse
542 2894 653 2958 audito
676 2895 878 2977 proprietatis
898 2896 1028 2959 nomine
1051 2918 1106 2959 ex·

156 2998 317 3080 pavescit3
346 3008 380 3059 et
398 2996 548 3058 universa
570 2994 666 3058 sociis
688 2995 842 3076 pracepit
860 2997 1107 3060 communicare.

157 3098 272 3180 Neque
289 3117 381 3160 suum
398 3117 466 3158 esse
483 3097 528 3158 nil
545 3094 607 3158 diei
631 3096 803 3178 quicquam
821 3097 946 3159 volebat
956 3121 965 3173 ;
996 3098 1053 3160 sed
1073 3110 1108 3162 ut

156 3197 217 3260 sibi
240 3210 272 3260 et
287 3196 437 3259 fratribus
452 3208 559 3259 essent
573 3197 766 3258 communia.
817 3195 911 3258 Unde
927 3218 998 3280 quae
1015 3199 1044 3260 ei
1060 3199 1105 3262 sic

156 3296 700 3380 offerebantur,omniarespuebat3
723 3295 817 3359 etiam
835 3318 906 3380 quae
917 3299 1108 3380 procurabat

157 3401 284 3465 devotio
299 3400 437 3472 illorum,
454 3399 507 3482 qui
524 3395 564 3460 ad
585 3397 647 3460 hoc
664 3410 865 3460 accesserant
886 3412 921 3461 ut
942 3399 1105 3463 hominem

155 3513 297 3565 nossent.
343 3500 406 3562 Die
423 3499 572 3584 quadam,
587 3496 663 3560 dum
679 3498 709 3558 in
727 3496 912 3563 dormitorio
928 3501 967 3564 ad
988 3503 1105 3566 lectum

156 3603 333 3679 diverteret,
350 3601 501 3664 annulurn
521 3598 639 3683 reperit
657 3620 807 3674 aureum3
831 3600 886 3684 qui
902 3601 994 3686 cujus
1012 3604 1107 3668 fuerit

156 3713 212 3768 aut
246 3701 331 3765 unde
367 3702 487 3765 venerit
521 3701 677 3764 haetenus
711 3706 879 3780 ignoratur.
940 3704 1105 3770 Creditum

158 3816 265 3867 tamen
291 3813 339 3865 est
365 3823 438 3865 eum
468 3802 563 3864 fuisse
589 3799 685 3863 futuri
709 3801 915 3882 pontificatus
936 3804 1103 3870 indicium.

157 3905 277 3969 lnridit
288 3920 393 3969 autem
406 3903 553 3967 diabolus
565 3903 659 3966 saluti
672 3903 851 3981 multorum,
864 3928 957 3990 quam
971 3907 1107 3971 famulus

159 4008 222 4070 Dei
237 4008 436 4091 procurabat.
483 4005 527 4068 Et
548 4004 590 4068 ad
612 4027 682 4067 eum
707 4005 850 4089 undique
869 4009 1107 4071 confluentibus

158 4130 231 4172 suas
246 4107 398 4171 tendebat
414 4106 554 4170 insidias.
597 4108 642 4169 Ut
657 4106 698 4168 ad
714 4127 853 4189 praesens
868 4107 922 4169 alii
934 4119 1109 4186 taceantur,

158 4210 249 4272 miles
268 4207 410 4292 quidam,
426 4206 571 4272 Cadulus
592 4205 732 4281 nomine,
748 4203 917 4267 devotione
940 4219 1108 4289 concepta,

157 4331 192 4374 se
209 4321 310 4373 totum
328 4310 469 4372 Domino
486 4308 635 4391 precibus
651 4306 857 4379 immolabat;
881 4316 913 4369 et
928 4327 1004 4369 ecce
1019 4318 1109 4372 extra

158 4412 329 4476 ecclesiam
346 4412 432 4473 velut
447 4408 586 4473 scutiferi
610 4407 659 4468 sui
677 4425 787 4467 rocem
812 4405 941 4486 audivit,
956 4429 1056 4491 equos
1080 4422 1110 4477 et

202 4531 272 4576 voa.
289 4531 319 4575 v.
632 4528 649 4569 r
