2992 5592
368 784 430 848 ΞΜ
624 804 1054 855 Joauurssrumuuruuam

367 958 489 1020 Exteru
504 968 622 1020 cuncta
635 970 726 1022 notat
740 970 774 1023 et
787 964 1022 1045 contemplatur
1035 961 1078 1026 ud
1093 985 1186 1029 usum

454 1060 508 1137 Et,
523 1060 636 1143 quanti
651 1061 740 1125 novit
754 1063 889 1144 singula,
905 1075 992 1127 tantu
1006 1065 1093 1128 sunit.

412 1163 507 1235 Quod
522 1164 669 1225 Socraten
684 1164 830 1224 animum
845 1164 985 1227 hominia
998 1167 1106 1229 Deum
1117 1175 1224 1248 puter.

366 1265 536 1329 eontrahit
551 1266 583 1327 ln
600 1287 670 1328 sese
687 1267 804 1329 mentia
819 1267 944 1342 radioa;
967 1266 1057 1330 Deua
1071 1268 1120 1331 illi

454 1364 513 1429 Est
527 1368 664 1442 animus,
680 1366 819 1431 mundus
833 1369 972 1446 victima,
988 1389 1077 1433 serva
1091 1391 1166 1434 caro
1175 1392 1185 1447 3
1256 1379 1323 1438 790

365 1469 500 1532 illicitos
515 1485 620 1532 motus
636 1483 793 1553 corruptae
809 1472 915 1534 curule
930 1471 1088 1546 abhorret,

453 1574 646 1657 Naturaeque
662 1573 779 1636 mulum
796 1574 854 1636 sub
871 1573 992 1638 ratione
1006 1572 1125 1650 domat,

366 1673 511 1738 Instituit
525 1697 629 1738 mores
645 1676 807 1759 vitamque
822 1685 959 1753 serenat,
973 1697 1077 1760 eoque

448 1778 468 1839 J
472 1777 565 1840 udice
582 1779 732 1841 virtutum
747 1779 888 1842 maxima
903 1778 985 1842 scire
1000 1779 1079 1863 pati.

408 1878 503 1945 Quod
515 1879 656 1942 menduc
670 1882 778 1943 animo
792 1882 893 1943 minor
905 1887 953 1944 eal
966 1887 997 1944 el
1011 1902 1047 1945 re
1060 1887 1091 1944 el
1104 1880 1273 1964 diuam

363 1982 398 2044 Si
414 1984 590 2046 commetiri
606 1997 744 2046 mentem
760 1973 981 2068 mundumque
995 1985 1116 2062 liceret,
1253 1990 1319 2049 ⁷95

452 2087 534 2149 Haec
552 2086 662 2170 major,
678 2087 783 2150 minor
797 2087 862 2165 hic,
876 2087 972 2149 servit
986 2087 1052 2165 hic,
1066 2086 1123 2150 illu
1136 2087 1227 2170 regit.

363 2189 446 2250 Nam
462 2189 550 2250 cami
565 2186 715 2266 mundus,
729 2190 888 2272 servitque
903 2210 977 2253 caro
991 2188 1116 2266 rationi,

446 2290 527 2362 Quae
543 2310 617 2371 pars
631 2300 681 2352 est
695 2292 795 2353 animi
809 2290 1002 2374 participatu
1015 2291 1099 2355 Deo.

360 2392 478 2455 Omnia
492 2392 539 2454 sic
554 2392 628 2455 laeto
645 2392 771 2456 Socrati
784 2393 978 2456 famulantur
991 2392 1098 2476 eique,

446 2494 550 2566 Quem
567 2495 613 2556 vis
629 2494 719 2557 nulla
732 2505 840 2578 potest
853 2495 980 2572 laedere,
996 2493 1134 2559 muudus
1148 2494 1226 2557 obit
1250 2498 1316 2558 800

673 2596 726 2659 De
738 2617 848 2660 errore
862 2596 1013 2661 Socratis.

361 2699 444 2762 Haec
461 2695 599 2762 hominis
614 2699 760 2763 doctriua
775 2699 844 2774 suit,
859 2710 967 2762 tamen
982 2719 1068 2762 error
1081 2699 1114 2761 in
1129 2698 1262 2777 illucet,

445 2800 542 2875 Quod
557 2799 712 2885 cujusque
727 2802 870 2864 animum
886 2801 1022 2866 eredidit
1036 2821 1107 2864 ease
1124 2801 1241 2864 Deum.

359 2904 447 2966 Hinc
464 2903 603 2966 hominis
618 2917 757 2966 mentem
774 2925 831 2985 pro
846 2904 978 2968 numine
994 2903 1074 2969 dicit
1088 2901 1280 2977 habendam,

449 3006 493 3068 Ut
508 3005 560 3067 cui
576 3005 704 3068 divinus
719 3014 770 3068 est
783 3001 970 3067 tribuendus
984 3003 1098 3067 honor.

358 3107 425 3169 Vix
440 3108 580 3191 aliquem
597 3118 685 3170 tanta
699 3126 768 3167 sors
783 3104 857 3167 dote
873 3105 990 3182 beavit,
1005 3104 1144 3169 utillum
1245 3107 1314 3167 80⁵

448 3209 523 3269 Non
539 3217 634 3290 queat
651 3206 764 3269 erroris
778 3205 977 3290 praecipitare
992 3206 1120 3268 malum.

550 3308 604 3371 De
617 3308 815 3391 Annuaqoro
829 3312 861 3369 el
873 3305 945 3385 ejas
958 3306 1114 3386 degum

358 3410 471 3474 Tradit
488 3413 695 3492 Anaxagorae
708 3411 831 3473 animas
846 3429 889 3472 ex
904 3407 1034 3471 traduce
1048 3409 1139 3471 nasci

445 3514 490 3575 Et
504 3534 633 3576 causum
649 3513 767 3576 teneris
780 3512 907 3575 ossibus
923 3531 997 3574 osea
1012 3510 1089 3572 dari.

356 3613 453 3688 Quod
469 3615 508 3676 de
524 3636 620 3679 carue
634 3637 720 3693 caro,
735 3614 867 3695 sanguia
881 3614 922 3677 de
936 3611 1092 3694 sanguiue
1106 3625 1224 3691 manat,

444 3716 573 3780 Transit
586 3730 619 3780 et
632 3718 664 3781 iu
680 3717 824 3781 sobolem
839 3727 906 3779 tota
919 3715 1022 3797 figura
1035 3725 1171 3798 patrum.
1247 3718 1313 3778 810

360 3818 466 3882 Sectio
482 3820 647 3901 particulae
663 3840 780 3903 corpus
795 3818 920 3896 minuit,
934 3818 992 3882 aed
1007 3817 1042 3879 iu
1055 3817 1157 3900 ipaam

444 3921 690 4003 Simplicitatem
705 3923 820 3985 animae
836 3921 938 3984 sectio
953 3920 1042 3984 nulla
1055 3917 1159 3992 cadit3

361 4024 407 4088 Ut
421 4025 507 4088 calor
522 4045 564 4087 ex
580 4034 671 4100 aratu,
686 4025 793 4087 lumen
809 4044 852 4086 ex
867 4024 988 4087 lumino
1003 4019 1118 4106 prodit,

446 4129 500 4191 Sic
516 4139 618 4190 ortum
633 4148 676 4190 ex
691 4148 758 4190 uno
771 4125 903 4210 spiritus
917 4126 996 4188 alter
1011 4123 1117 4187 habet.

358 4229 444 4292 Pura
458 4230 541 4293 fides
555 4229 704 4311 prohibet
717 4229 839 4292 animae
854 4226 895 4290 de
911 4225 1044 4291 traduce
1060 4224 1160 4302 credi,
1247 4227 1311 4286 815

446 4334 535 4403 Quas
550 4331 643 4394 Deus
657 4329 797 4394 infundit
812 4342 844 4392 et
859 4329 1053 4410 seriturque
1068 4347 1176 4390 novae.

358 4434 414 4496 Ex
430 4435 530 4498 nihilo
545 4435 626 4498 fiunt
640 4448 674 4498 et
688 4454 773 4497 nunc
790 4433 823 4495 iu
839 4453 974 4515 corpore
990 4433 1120 4507 clauae,
