2992 5592
549 800 767 845 ENTEETlCUS.

317 949 424 1011 Nulla
437 959 523 1012 aecta
537 952 608 1013 sine
619 953 729 1033 qratia
745 951 849 1014 libero
863 969 885 1011 α
887 948 998 1028 fastu.

182 1047 340 1122 Quaelibet
355 1050 503 1130 admittit,
518 1052 545 1115 si
562 1052 645 1115 desit
661 1054 774 1132 gratia,
791 1055 907 1116 fastum

266 1150 370 1227 Secta,
385 1173 445 1214 neo
462 1152 532 1216 haec
549 1165 635 1216 arcet
650 1174 747 1234 parva
763 1155 810 1215 rel
826 1153 935 1235 ampla
950 1149 1082 1225 domus;

182 1247 255 1312 Non
273 1251 358 1328 fecit,
374 1263 410 1315 ut
421 1255 538 1337 sapias,
549 1255 675 1316 habitus
685 1274 869 1337 nomenque
882 1252 1034 1333 magistri,
1052 1255 1134 1314 leet

268 1350 337 1415 Nec
354 1356 558 1417 convivarum
575 1357 667 1418 turba
683 1358 777 1418 beare
792 1366 916 1438 potest3

183 1452 255 1513 Non
273 1464 369 1536 caput
384 1467 554 1534 attonsum,
569 1477 634 1518 non
651 1457 747 1518 vestis
763 1457 851 1538 pulla
865 1456 915 1518 vel
930 1456 1004 1518 elba

265 1555 313 1617 Te
330 1556 424 1618 trabit
438 1556 480 1618 ad
496 1559 603 1635 vitem,
619 1558 719 1638 gratia
734 1560 804 1620 sola
819 1558 932 1633 trahit3

181 1653 265 1715 Nam
283 1657 371 1717 stulti
387 1669 521 1739 possunt
535 1659 567 1720 in
585 1658 698 1742 quavis
713 1668 799 1721 reste
815 1657 927 1740 perire,

267 1754 460 1818 Redduntur
475 1758 547 1819 vitae
562 1758 692 1841 praemia
707 1759 795 1820 nulla
810 1769 903 1839 togae.
1051 1759 1135 1819 1880

181 1854 328 1918 Oderunt
343 1877 466 1933 rerum,
484 1858 569 1942 quod
584 1860 736 1921 honestas
751 1859 870 1936 sanxit,
885 1859 1067 1934 abhorrent,

270 1957 366 2020 Unde
384 1958 429 2034 fit,
446 1970 481 2023 ut
495 1960 574 2023 caeci
590 1962 833 2045 precipitesque
849 1971 952 2024 ruant.

181 2059 318 2140 Excipit
334 2061 481 2123 Infernus
497 2076 665 2145 pereuntes
681 2077 767 2127 veste
783 2076 913 2141 remote,

269 2159 339 2224 Nec
355 2163 471 2227 minuit
486 2186 617 2246 poenam
633 2176 713 2229 tetra
727 2168 776 2228 vel
792 2165 866 2230 alba
880 2187 981 2230 suam.

483 2266 670 2329 Benedictio
685 2269 828 2330 viatoris.

182 2364 273 2447 Saepe
289 2365 344 2428 diu
360 2369 492 2431 multum
509 2371 630 2447 monui,
645 2391 731 2433 nunc
747 2372 859 2456 accipe
875 2391 989 2454 pauca,
1052 2374 1133 2434 1885

268 2468 347 2538 Quae
363 2467 445 2533 bene
462 2470 538 2533 dum
554 2493 672 2547 serras,
688 2494 737 2535 res
753 2470 814 2534 tibi
829 2473 919 2535 nulla
932 2482 1043 2536 nocet:

180 2568 287 2631 Flecte
304 2591 400 2649 genu,
417 2571 566 2637 submitte
582 2584 692 2657 caput,
707 2571 897 2637 benedictus
912 2572 1012 2650 abito,

267 2670 360 2754 Saepe
374 2675 506 2736 maturis
521 2675 637 2756 profuit
652 2675 714 2734 ista
728 2694 853 2735 manus.

179 2769 285 2834 Verbe
300 2773 363 2836 Dei
380 2775 517 2837 forment
532 2776 683 2848 animum,
699 2775 904 2855 linguamque
920 2775 1097 2852 refrenent,

266 2870 338 2934 Sint
352 2873 464 2935 eadem
481 2873 552 2934 vitae
567 2872 703 2934 formula
719 2884 806 2935 certa
820 2884 900 2948 tuae3
1050 2876 1132 2935 1840

178 2971 302 3053 Diriget
317 2974 462 3048 affectus,
475 2973 616 3054 linguam
634 2984 805 3055 eomponet
823 2983 855 3034 et
870 2983 962 3035 actus

129 3059 133 3067 ¹
268 3073 390 3149 Gratia,
406 3073 432 3134 si
448 3071 548 3136 tribus
563 3074 612 3136 his
628 3094 724 3135 causa
739 3073 780 3136 sit
794 3095 859 3136 una
874 3073 975 3135 Deus.

431 3174 518 3248 Quid
530 3174 611 3236 liber
625 3176 751 3235 auctori
765 3174 886 3237 debeat.

182 3271 320 3339 Cuilibet
339 3274 458 3334 auctori
475 3271 629 3334 debentur
638 3272 709 3355 jure
725 3272 859 3354 perenni

269 3373 477 3456 Obsequium,
492 3376 608 3449 cultus,
624 3374 787 3436 officiosus
802 3395 897 3436 amor.

181 3481 288 3551 Quum
306 3477 442 3538 tenearis
456 3475 497 3540 ad
512 3477 592 3554 haec,
609 3475 750 3539 animum
765 3474 893 3538 lectoris
907 3475 1003 3538 amici
1050 3477 1132 3536 1815

267 3579 397 3641 Auctori
414 3579 545 3642 studeas
560 3575 731 3641 conciliare
750 3591 816 3655 tuo,

180 3684 225 3745 Et
240 3702 448 3766 quoscunque
464 3691 567 3764 potes,
582 3678 732 3743 inducere
748 3700 845 3761 perge
863 3679 988 3755 fideles,

269 3786 314 3847 Ut
328 3804 386 3865 pro
402 3805 452 3847 me
470 3782 631 3846 Christum
649 3781 819 3843 sollicitare
834 3781 942 3844 velint.

183 3884 246 3946 Sed
261 3883 340 3968 quid
356 3887 457 3947 multa
471 3880 600 3946 moror?
625 3902 778 3966 properas
793 3882 882 3945 exire
888 3904 898 3959 ς
921 3881 1037 3959 videto,

266 3981 350 4057 Quid
364 3982 478 4059 facias3
501 3993 642 4063 coeptum
658 3976 777 4062 perfice
792 3989 904 4040 cautus
919 3976 997 4053 iter3
1048 3978 1132 4038 1850

182 4084 228 4146 Ut
243 4083 360 4155 valeas,
376 4093 584 4147 memoresto
601 4081 665 4155 tui3
688 4079 714 4141 si
730 4088 838 4160 gratus
854 4075 964 4141 haberi

267 4185 334 4256 Vis,
353 4206 429 4248 cura
443 4203 570 4267 semper
586 4183 689 4245 risere
704 4181 776 4261 lege
792 4180 865 4243 Dei.
