2992 5592
279 819 338 879 138
508 831 644 876 ioannis
660 829 939 876 sauasaatuuresn
1074 812 1158 894 [ma.
1176 833 1227 878 nr.

274 982 401 1048 lectices
422 981 586 1067 praecipua
600 1003 697 1066 opera
719 994 875 1046 versatur.
922 981 986 1045 Hic
1008 1002 1085 1045 vero
1106 981 1229 1067 primus

273 1098 321 1150 est
336 1085 367 1148 in
383 1082 561 1149 rationibus
575 1082 786 1168 explicandis,
801 1082 1045 1170 doctrinamque
1056 1084 1134 1149 facit
1150 1083 1229 1150 loea-

274 1185 352 1251 lium
368 1186 692 1273 argumentationum,
703 1198 735 1249 et
751 1185 954 1270 sequentium
969 1185 1227 1272 complexionum

273 1289 386 1375 pandit
411 1288 512 1353 initia.
556 1291 601 1353 Et
626 1288 709 1352 sicut
731 1287 830 1372 juxta
859 1287 1024 1364 Ethicum,
1051 1291 1230 1371 dissipatio

270 1393 391 1473 prioris
398 1400 446 1457 cat
459 1392 613 1475 posterior
627 1391 705 1467 dics,
719 1388 765 1453 ita
779 1388 901 1473 primus
916 1389 1120 1474 sequentium
1136 1389 1230 1455 libro-

274 1514 346 1557 rum
361 1492 585 1557 instructorius
599 1504 657 1557 est.
696 1489 857 1576 Equibus
867 1492 977 1576 itaque
989 1490 1067 1556 locis
1078 1494 1143 1556 siut
1158 1513 1228 1578 pro·

274 1592 424 1672 blemata,
449 1595 573 1681 primus
599 1592 711 1679 aperit.
758 1594 945 1678 Sequentes,
969 1592 1070 1673 undo,
1091 1606 1125 1659 et
1150 1616 1228 1679 quo-

274 1694 371 1760 modo
389 1697 567 1783 probentur
588 1706 765 1780 exponunt,
783 1705 816 1757 et
834 1716 912 1780 quae
931 1693 1109 1780 propositio
1131 1698 1229 1780 magis

275 1812 333 1864 aut
352 1799 459 1863 minus
473 1797 736 1884 argumentabilis
750 1797 803 1874 sit,
817 1808 850 1861 et
869 1818 981 1882 quare.
1027 1801 1102 1862 Nou
1125 1812 1227 1864 tamen

274 1902 351 1966 buic
365 1903 453 1986 operi
469 1914 594 1966 tantum
611 1902 729 1976 tribuo,
745 1912 781 1964 ut
798 1900 921 1964 inanem
936 1914 1085 1985 reputem
1100 1921 1227 1986 operam

274 2002 511 2079 modernorum,
523 2001 581 2088 qui
595 2003 745 2089 equidem
758 2015 925 2068 nascentes
934 2015 967 2068 et
978 2002 1229 2067 convalescentes

274 2102 315 2168 ab
330 2103 509 2179 Aristotele,
526 2105 661 2169 inventis
675 2105 745 2190 ejus
764 2104 883 2170 multas
903 2104 1057 2192 adjiciunt
1077 2104 1228 2179 rationes,

273 2219 306 2272 et
335 2205 462 2290 regulas
493 2207 652 2291 prioribus
682 2230 775 2291 aeque
805 2207 921 2271 firmas.
975 2209 1138 2274 Caeterum
1168 2206 1229 2271 boc

275 2306 444 2374 Aristoteli
463 2308 611 2385 debetur,
627 2309 777 2393 quoniam
796 2310 853 2395 qui
876 2333 896 2373 a
919 2322 1009 2394 parta
1029 2320 1135 2374 toturn
1157 2331 1231 2394 pro·

274 2410 344 2476 bari
365 2409 487 2490 docuit,
508 2425 539 2474 et
560 2433 580 2474 a
599 2409 722 2496 duplici
743 2425 846 2497 parte,
866 2411 913 2476 vel
935 2410 1065 2496 triplici,
1087 2425 1145 2476 aut
1166 2433 1231 2475 am·

274 2512 371 2598 plius,
388 2511 498 2613 ipserri
518 2535 610 2598 posse
635 2513 834 2579 monstravit.
879 2513 1004 2579 Eodem
1028 2512 1125 2577 modo
1143 2525 1176 2577 et
1196 2513 1229 2577 in

274 2614 356 2680 aliis.
399 2619 490 2700 Ergo
504 2636 567 2679 uon
582 2614 678 2679 modo
692 2616 883 2692 Themistio,
899 2615 1059 2692 Ciceroni,
1076 2615 1229 2700 Apuleio,

274 2730 307 2783 et
328 2718 477 2795 Boethio,
492 2717 689 2804 adjectorum
713 2717 869 2782 habemus
890 2718 1043 2802 gratiam:
1068 2718 1123 2782 sed
1143 2717 1229 2784 Peri·

275 2820 414 2907 patetico
435 2815 591 2898 Palatino,
606 2833 638 2884 et
661 2820 730 2883 aliis
755 2821 1006 2906 praeceptoribus
1028 2820 1155 2894 nostris,
1173 2821 1229 2907 qui

275 2921 368 2987 uobis
386 2921 538 3008 prolicere
558 2921 767 2998 studuerunt,
781 2925 831 2986 vel
854 2923 886 2985 iu
906 2921 1129 3008 explanatione
1147 2937 1232 2987 vete-

274 3046 360 3102 rum,
372 3024 422 3088 vel
437 3024 469 3088 in
480 3023 661 3088 inventione
676 3045 841 3089 uovorum.
888 3025 994 3089 Miror
1009 3038 1115 3089 tamen
1131 3047 1229 3111 quare

275 3126 508 3212 Peripateticus
537 3125 714 3204 Palatinus,
739 3127 771 3190 in
802 3126 1082 3212 hypotheticarum
1107 3126 1230 3213 judicio

274 3243 342 3293 tam
356 3243 475 3293 arctam
491 3228 723 3315 praescripserit
739 3229 854 3315 legem,
864 3241 901 3294 ut
913 3251 966 3293 eas
980 3229 1063 3292 solas
1073 3229 1231 3295 censuerit

274 3329 500 3406 admittendas,
515 3355 653 3417 quarum
674 3353 870 3419 consequeus
884 3331 916 3395 in
931 3330 1132 3397 antecedenti
1145 3331 1231 3395 clau·

273 3428 373 3504 ditur,
385 3443 442 3494 aut
458 3432 622 3496 destructo
631 3433 836 3520 consequenti
846 3432 1014 3518 perimitur
1030 3432 1231 3499 antecedens.

274 3530 439 3616 Siquidem
449 3547 636 3616 argumenta
648 3535 821 3622 recipiebat
829 3535 932 3611 facile,
943 3535 997 3599 sed
1007 3534 1230 3620 hypotheticas

272 3634 456 3721 respuebat,
471 3635 531 3699 nisi
550 3636 715 3702 manifesta
736 3639 921 3702 necessitate
941 3651 1085 3722 urgente.
1131 3638 1229 3702 Forte

272 3734 356 3814 ideo,
373 3736 460 3822 quod
476 3759 595 3816 omues,
605 3752 641 3803 ut
658 3733 702 3803 ait
715 3739 881 3815 Boethius,
893 3738 1004 3803 volunt
1018 3738 1226 3803 necessariam

274 3850 380 3902 tenere
395 3841 664 3926 consequentiam.
711 3840 831 3907 Volunt
854 3842 979 3927 utique,
995 3841 1149 3927 quoniam
1170 3840 1229 3904 hoc

272 3940 466 4029 profitentur
479 3942 605 4030 adjecta
619 3944 816 4010 conditione:
842 3944 897 4009 sed
916 3942 1124 4010 nihilominus
1141 3966 1229 4031 quae-

273 4044 360 4122 dam,
382 4046 425 4111 ob
446 4046 627 4112 evidentem
649 4047 918 4134 probabilitatem,
945 4068 1021 4132 quae
1046 4045 1228 4112 necessitati

273 4149 464 4235 plerumque
490 4150 618 4229 assidet,
641 4150 866 4215 admittuntur.
912 4146 1002 4213 Sicut
1024 4148 1110 4213 enirn
1132 4170 1228 4235 argu·

271 4267 380 4318 menta
402 4252 584 4318 Dialecticis
604 4251 764 4319 sufficiunt
782 4251 971 4340 probabilia,
991 4249 1036 4315 sic
1059 4267 1092 4316 et
1113 4252 1227 4337 proba·

270 4352 352 4441 'biles
366 4354 615 4440 consequentioe3
640 4354 694 4419 sed
711 4355 855 4441 utrisque
871 4354 919 4418 vis
939 4374 1058 4437 urgens
1080 4352 1185 4430 deest,
1201 4352 1226 4415 si

273 4459 441 4522 necessitas
462 4456 559 4522 desit:
585 4469 621 4522 ut
645 4458 670 4522 si
692 4456 875 4523 instantiam
894 4454 1032 4534 dederis,
1055 4453 1175 4521 docens
1196 4455 1226 4518 in
