2992 5592
274 798 337 856 300
528 809 664 853 scaurus
680 806 974 853 sauasnnmnusrs

273 964 329 1025 Me
344 960 434 1045 quasi
452 981 633 1042 praeconem
650 981 832 1037 causarum,
841 960 956 1044 jurgia
971 983 1066 1046 saepe

357 1063 517 1124 Exerccre
526 1061 631 1145 jubet,
645 1082 806 1145 parvaque
822 1062 913 1124 dona
927 1064 1039 1148 sequi.

271 1165 316 1227 Et
330 1163 426 1227 modo
442 1174 606 1246 patronus,
621 1162 718 1225 modo
727 1161 847 1245 judex,
864 1174 898 1225 et
913 1165 1015 1227 modo
1031 1166 1130 1229 testis

359 1266 484 1340 Clamo,
492 1264 568 1347 jura
582 1263 711 1327 Patrum
727 1277 873 1341 contero,
887 1265 970 1328 salsa
986 1267 1121 1351 loquor.

272 1367 340 1430 Sub
356 1367 463 1450 specie
480 1366 546 1428 reri
562 1386 676 1428 curans
690 1364 845 1428 iuducere
862 1366 982 1429 salsum

360 1469 462 1544 Fallo,
477 1467 615 1552 perjuro,
631 1479 850 1550 praetereoque
867 1467 982 1532 fidem.

273 1571 399 1654 Fasque
414 1570 565 1652 nefasque
582 1569 673 1630 simul
689 1568 806 1650 aequali
821 1566 972 1651 pondere
987 1572 1127 1651 librans,

361 1673 421 1735 Per
434 1671 557 1734 licitum
575 1670 692 1752 pariter
705 1670 922 1752 illicitumque
939 1694 1050 1754 vagor.

274 1778 310 1841 Si
325 1778 418 1840 lateri
433 1776 482 1838 vel
499 1773 667 1836 Pontificio
682 1774 731 1835 rel
748 1772 911 1856 Principis
926 1774 1037 1849 adsto,

357 1879 450 1940 Tunc
467 1884 630 1957 unguenta
645 1895 721 1956 paro
737 1872 866 1952 blanda,
885 1877 1017 1957 placere
1034 1878 1161 1941 rolens.

274 1983 372 2061 Ungo
387 1979 565 2055 blanditiis,
580 1992 614 2040 ut
629 1977 764 2040 delicias
778 1975 841 2038 sibi
858 1988 974 2040 venter

358 2081 557 2156 Accumulet,
574 2099 612 2142 ac
628 2100 678 2141 me
695 2077 840 2140 distrahit
854 2077 911 2141 ille
927 2101 1064 2145 nocens.

272 2185 390 2245 Nonne
406 2194 519 2244 manus
534 2191 650 2242 nostrae
667 2180 767 2243 ventri
783 2180 899 2242 servire
915 2182 1093 2247 laborant?

358 2285 475 2345 Nonne
492 2282 595 2343 minas
610 2283 680 2366 ejus
696 2279 929 2366 imperiumque
945 2285 1085 2350 timent?

270 2384 298 2446 F
301 2394 441 2459 urantur,
457 2383 595 2465 rapiunt,
611 2397 784 2466 operantur
797 2395 830 2447 et
844 2387 953 2449 omnia
969 2401 1082 2452 venter

357 2484 510 2567 Suscipit,
525 2497 556 2547 et
571 2487 679 2548 sorbet
696 2485 803 2548 omnia
818 2485 928 2568 Scylla
944 2510 1055 2552 vorax.

270 2587 358 2649 Huic
374 2587 486 2650 oculus
501 2586 596 2648 servit
612 2600 753 2664 venator,
768 2587 867 2650 currit
880 2588 1015 2673 ubique,

358 2686 500 2751 Nunciat
514 2687 567 2750 hic
584 2687 728 2765 domino,
742 2711 814 2772 quae
831 2689 965 2753 meliora
981 2705 1086 2775 putat

271 2791 347 2852 Heu
361 2790 501 2872 pedibus
516 2799 651 2871 quantos
664 2788 797 2852 induxit
810 2811 897 2872 saepe
911 2790 1054 2868 labores,

356 2893 449 2963 Quos
463 2892 559 2953 nimis
575 2890 697 2971 affligit,
712 2913 795 2974 quos
810 2893 879 2954 siue
895 2893 965 2974 lege
981 2898 1111 2978 premit.

270 2992 352 3056 Inde
368 2993 460 3056 dolor
475 2994 573 3055 nostri
589 2994 750 3055 consumit
765 2994 908 3077 corporis
924 3016 1009 3074 ossa,

357 3097 506 3159 Membra
521 3094 632 3178 quatit,
648 3095 730 3157 vires
744 3095 862 3172 haurit,
877 3108 1008 3180 aratque
1024 3113 1149 3167 cutem.

269 3200 330 3262 Est
345 3198 385 3261 ad
401 3198 563 3261 servitium
578 3195 672 3260 nobis
687 3196 832 3260 studiosa
846 3198 1005 3278 voluntas,

357 3301 467 3362 Gratia
482 3300 570 3361 nulla
584 3310 708 3362 tamen:
734 3319 911 3381 conqueror
925 3300 1002 3364 inde
1018 3305 1138 3386 magis.

269 3403 354 3464 Nam
371 3422 469 3483 quum
485 3399 614 3461 servitio
630 3396 803 3479 respondet
816 3399 928 3480 gratia,
944 3403 1085 3465 multum

354 3503 536 3586 Temperat,
550 3501 648 3563 immo
665 3500 740 3562 sacit
756 3499 851 3564 dulce
866 3499 981 3565 laboris
997 3524 1092 3569 onus.

269 3604 355 3666 Huic
371 3624 446 3665 vero
462 3623 561 3684 quum
576 3603 674 3666 multa
689 3600 812 3679 damus,
827 3624 925 3687 quum
941 3605 1044 3667 multa
1058 3628 1235 3693 paramus,

354 3703 429 3763 Non
447 3713 552 3764 cessat
567 3704 718 3785 querulus
734 3702 863 3766 dicere:
887 3725 990 3786 pauca
1005 3705 1106 3771 datis.

269 3804 302 3867 Si
319 3801 447 3865 dederis
463 3802 572 3878 hodie,
587 3805 648 3865 nisi
666 3826 735 3867 cras
751 3803 889 3881 dederis,
905 3805 968 3867 nisi
983 3827 1115 3872 mrsum

352 3904 397 3968 Et
411 3925 533 3966 rursum
551 3903 688 3980 dederis,
703 3906 836 3986 perdere
852 3908 954 3989 prima
969 3919 1075 3989 potes.

265 4010 311 4072 Et
325 4008 353 4072 si
366 4007 446 4070 forte
463 4004 529 4069 suis
544 4004 641 4068 dicit:
665 4005 741 4070 satis
757 4018 816 4077 est.
833 4008 910 4072 satis
925 4008 1026 4072 illud:

352 4111 430 4173 Post
445 4108 608 4173 modicum
623 4121 751 4195 tempus
766 4110 880 4193 incipit
895 4132 965 4173 esse
981 4131 1109 4193 parum.

265 4216 382 4291 Dicite,
398 4213 474 4296 qnid
490 4222 611 4275 tantam
627 4212 729 4295 possit
743 4213 858 4274 satiare
874 4210 1086 4294 Charybdin?

352 4316 472 4391 Dicite,
487 4324 608 4398 quanta
623 4313 723 4396 cupit,
739 4313 811 4395 quis
827 4312 903 4377 dare
918 4325 1006 4377 tauta
1022 4322 1162 4396 potest?

265 4419 329 4481 ilic
346 4417 440 4479 etiam
457 4428 580 4479 nostros
596 4424 691 4493 auget
706 4414 914 4495 cumulatque
931 4415 1067 4488 labores,
