2992 5592
423 805 499 848 vrra
517 805 633 848 sarcrr
650 806 807 851 assatur.
1030 795 1095 852 345

142 961 225 1015 sunt,
261 951 359 1036 Regis
375 967 481 1017 autem
498 953 675 1037 indignatio
690 953 722 1016 in
740 975 859 1016 annum
876 964 910 1017 et
925 952 1095 1019 dimidium

142 1063 300 1136 protracta
315 1063 373 1116 est.

187 1153 398 1237 Exigentibus
421 1154 556 1238 negotiis
577 1154 767 1240 quibusdam
795 1155 1027 1232 ecclesiasticis,
1049 1155 1099 1218 vir

142 1253 206 1317 Dei
226 1256 257 1317 in
284 1255 451 1319 Franciam
469 1256 610 1336 veniens,
625 1277 644 1317 a
658 1277 733 1338 rege
759 1255 898 1319 Henrico
919 1267 1047 1339 rogatus
1062 1257 1095 1320 in

144 1355 374 1421 Normanniam
390 1357 548 1442 progredi,
565 1379 671 1420 rerum
692 1378 820 1420 suarum
841 1358 970 1421 tandem
987 1381 1006 1422 a
1021 1380 1098 1442 rege

142 1458 361 1523 investituram
378 1460 511 1545 accepit.
545 1462 637 1542 Rege
653 1470 761 1521 autem
778 1457 810 1521 in
828 1458 980 1542 Angliam
995 1471 1099 1523 trans-

141 1571 249 1634 eunte,
266 1571 337 1644 post
358 1582 460 1645 pauca
477 1560 654 1623 Willelmus
677 1559 731 1622 ille
754 1559 809 1646 qui
828 1582 939 1643 regum
961 1560 1097 1624 nuncius

141 1658 414 1744 archiepiscopum
436 1660 552 1724 totiens
573 1660 771 1742 fatigaverat,
790 1659 929 1724 Beccum
952 1681 1097 1724 reversus

142 1771 201 1839 est,
230 1784 344 1845 rogans
373 1785 412 1826 ex
442 1774 532 1848 parte
562 1762 645 1845 regis
674 1763 838 1840 attentius,
868 1773 904 1826 ut
932 1761 1096 1826 retroactis

142 1863 280 1948 querelis
295 1864 426 1927 omnino
442 1864 550 1949 sopitis
568 1863 719 1946 Angliam
736 1885 832 1949 ocyus
847 1863 997 1929 visitaret.
1043 1863 1095 1927 De

142 1964 288 2029 libertate
318 1961 535 2044 ecclesiarum,
566 1989 644 2052 quas
674 1966 737 2029 Dei
769 1966 940 2029 clementia
969 1966 1097 2050 regibus

138 2066 206 2150 jam
230 2081 421 2145 excusserat,
445 2068 573 2131 laetatur
593 2068 778 2152 episcopus;
805 2080 838 2131 et
861 2066 922 2130 iter
943 2066 1098 2151 arripiens

145 2168 350 2232 Gometicum
380 2170 484 2245 venit;
524 2170 579 2232 ubi
611 2191 651 2232 ne
681 2169 935 2254 progrederetur,
966 2168 1098 2234 adversa

145 2269 326 2334 valetudine
340 2273 534 2357 praepeditus
546 2283 604 2348 est,
616 2283 650 2334 et
660 2272 726 2335 fere
743 2272 774 2334 in
788 2283 931 2336 extrema
941 2271 1097 2337 deductus

144 2392 183 2433 ex
199 2371 326 2435 defectu
347 2374 538 2438 naturalium
555 2374 706 2437 virtutum
730 2373 830 2437 socios
852 2396 963 2437 omnes
985 2373 1098 2458 despe-

144 2473 223 2540 ratio
251 2475 366 2552 tenuit;
394 2486 427 2540 et
449 2499 532 2539 mors
555 2476 618 2539 cita
640 2498 677 2540 ac
699 2488 786 2539 certa
806 2476 975 2541 videbatur
995 2486 1098 2544 astare

144 2595 211 2662 prae
236 2575 365 2640 foribus.
418 2578 505 2642 lnter
534 2577 604 2641 hoec
634 2575 823 2639 sollicitatur
851 2587 951 2660 pater,
982 2588 1018 2638 ut
1046 2576 1097 2639 vel

143 2675 280 2743 filiorum
302 2701 409 2745 amore
433 2693 555 2742 naturae
579 2680 642 2740 vim
666 2677 772 2752 faciat,
796 2676 855 2739 sibi
881 2676 1020 2760 patiatur
1039 2676 1098 2739 ali·

143 2790 324 2843 mentorum
351 2779 472 2867 aliquid
494 2777 684 2852 ministrari3
711 2788 744 2839 et
766 2776 821 2838 ille
843 2798 876 2838 se
899 2776 1029 2839 omnino
1051 2776 1097 2840 nil

144 2892 305 2965 appetere,
332 2879 390 2942 sed
415 2900 476 2941 nec
501 2899 592 2962 posse
618 2877 747 2963 quidem
773 2877 877 2940 verbis
902 2877 1096 2942 cessantibus

144 2982 259 3045 anhelo
280 2980 392 3065 spiritu
416 2979 583 3044 fatebatur.
632 2979 785 3067 Undique
807 2979 1000 3045 conveniunt
1014 2980 1098 3066 epis·

144 3082 215 3167 copi
230 3094 264 3144 et
279 3080 424 3158 abbates3
448 3093 483 3145 ut
498 3081 618 3168 possint
633 3081 716 3145 illius
739 3081 826 3147 beati
849 3081 976 3166 spiritus
995 3094 1097 3145 trans-

143 3185 225 3247 itum
253 3182 434 3267 esplorare3
466 3195 499 3247 et
521 3183 562 3247 ad
588 3183 728 3247 coelestia
753 3182 943 3266 migrantem
968 3182 1097 3267 psalmis

145 3296 378 3370 prosequantur
393 3297 425 3347 et
440 3285 575 3371 hymnis.
622 3285 763 3360 Quidam
776 3304 883 3349 autem
900 3284 1096 3362 familiarius,

146 3400 181 3450 ut
196 3409 278 3450 unus
294 3385 486 3451 servientum
504 3387 685 3451 monasterii
704 3410 761 3472 per
776 3386 888 3451 silvam
902 3385 1050 3470 gradiens
1064 3398 1098 3451 et

144 3488 219 3551 huic
246 3487 292 3551 rei
318 3486 398 3550 nihil
424 3488 577 3565 intentus,
604 3487 772 3551 bestiolam
803 3509 899 3574 quam
926 3497 1096 3573 martyram

144 3600 268 3669 vocant,
289 3588 412 3652 videret
432 3590 593 3674 perdicem
618 3588 650 3652 in
674 3611 727 3653 ore
751 3589 967 3666 deferentem
990 3601 1024 3652 et
1043 3611 1099 3652 ex·

146 3689 286 3755 clamans
311 3690 456 3754 bestiolae
483 3690 617 3774 fugienti
642 3691 804 3775 perdicem
831 3690 976 3756 excussit.
1022 3691 1097 3765 Qua

145 3792 240 3857 allata
269 3793 408 3875 gustavit
439 3815 534 3876 aeger,
561 3804 594 3856 et
619 3793 842 3857 convalescens
868 3806 978 3858 contra
1007 3815 1097 3878 spem

145 3892 346 3957 admirationi
367 3892 438 3971 fuit,
460 3906 493 3958 et
514 3894 667 3977 gaudium
694 3895 801 3958 attulit
827 3895 989 3957 universis.
1036 3893 1098 3956 His

145 4016 220 4078 ergo
235 3993 289 4080 qui
313 4005 527 4058 convenerant
547 3994 767 4071 redeuntibus,
789 4016 871 4057 unus
891 3990 1096 4055 servientium

147 4095 310 4180 Radulphi
344 4096 503 4179 Sagiensis
530 4096 559 4159 ei
586 4096 759 4181 plurimum
786 4092 953 4156 detrahere
982 4092 1097 4174 coepit;

146 4218 287 4260 asserens
308 4196 337 4258 ei
361 4195 618 4281 compatiendum
643 4218 703 4258 nnn
728 4213 807 4266 esse,
831 4188 886 4275 qui
908 4189 968 4252 sibi
988 4189 1020 4251 in
1041 4190 1097 4253 ali-

146 4308 326 4361 mentorum
350 4298 554 4382 perceptione
573 4294 754 4358 subvenisse
776 4302 933 4376 potuerat,
949 4289 974 4352 si
994 4290 1098 4355 inanis

145 4398 256 4483 gloriae
267 4399 453 4482 jactantiam
478 4396 656 4460 remisisset.
703 4391 893 4457 Temeritati
912 4392 980 4474 ejus
1002 4391 1096 4455 silen-
