2992 5592
281 826 345 874 mn
362 811 422 887 ιν]
636 825 877 872 unnnmmcns.
1174 815 1233 875 ,133

276 977 456 1065 apcssibili,
469 975 625 1064 quoniam
640 975 746 1040 miuus
763 989 822 1053 est,
834 989 866 1042 et
881 977 932 1042 hic
947 975 993 1042 illi
1011 979 1083 1044 usui
1095 978 1228 1065 deroga-

276 1092 337 1143 tum
351 1100 420 1144 esse
437 1077 636 1143 videbimus.
681 1079 766 1142 Nam
782 1091 819 1143 ut
834 1078 878 1144 ait
894 1079 926 1143 in
948 1080 1124 1166 Analyticis
1140 1081 1228 1147 Aris-

274 1181 397 1247 toteles:
430 1182 642 1263 contingere,
661 1188 691 1244 et
712 1184 981 1264 contingentem,
1003 1206 1068 1269 quo
1089 1206 1151 1247 non
1174 1207 1229 1249 ex-

273 1286 379 1348 intente
392 1280 584 1359 necessario,
595 1281 700 1367 posito
715 1295 822 1347 autem
837 1305 916 1360 esse,
928 1284 1008 1348 nihil
1024 1284 1081 1348 erit
1096 1299 1227 1372 propter

272 1383 325 1448 buc
338 1381 550 1469 impossibile.
595 1385 677 1448 Haec
692 1395 800 1448 autem
821 1383 1010 1470 significatio
1029 1386 1226 1470 contingenti

271 1484 398 1550 deducit
414 1483 548 1572 quidem
564 1484 786 1565 necessarium,
802 1486 856 1549 sed
879 1484 957 1550 alias
981 1485 1125 1572 possibili
1147 1510 1227 1551 coae-

269 1598 397 1673 quatur.
456 1584 521 1649 Sed
550 1606 654 1672 neque
683 1585 744 1650 ista
768 1587 838 1671 jam
867 1586 1003 1651 obtinet.
1061 1585 1226 1673 Siquidem

271 1687 480 1754 Hobiuellum
504 1709 637 1773 regnare
661 1710 726 1752 non
752 1701 801 1752 est
826 1688 1047 1762 necessarium,
1064 1710 1169 1774 neque
1190 1712 1228 1753 eo

269 1791 369 1876 posito
383 1789 561 1877 quicquam
573 1788 633 1854 erit
648 1803 780 1876 propter
796 1790 857 1852 hoc
872 1789 1085 1875 impossibile:
1110 1790 1136 1853 si
1152 1812 1227 1854 vero

269 1891 454 1977 contingens
468 1913 536 1955 esse
551 1912 683 1976 regnare
706 1890 916 1956 Hobinellnm
937 1891 1026 1956 dicas
1044 1890 1225 1970 Wintoniae,

268 2014 328 2058 uon
344 1991 405 2058 tibi
421 1991 494 2079 quis
509 1990 601 2056 facile
615 1991 808 2079 acquiescet.
849 1992 894 2057 Et
911 2005 948 2058 ut
964 1992 1089 2080 planius
1105 1993 1226 2082 liqueat

269 2093 475 2180 inquantum
492 2093 534 2159 sit
556 2093 609 2158 ille
634 2117 710 2158 usus
731 2094 884 2174 abolitus,
901 2095 934 2158 in
957 2095 1046 2160 nulla
1067 2096 1224 2183 significa-

269 2196 402 2276 tionum,
416 2215 498 2280 quas
513 2196 542 2258 ei
562 2194 725 2274 adscribit,
740 2210 952 2262 memoratum
973 2199 1041 2284 jam
1062 2197 1154 2285 plene
1168 2198 1228 2263 ob·

270 2298 349 2364 tinet
364 2297 510 2362 verbum.
549 2298 607 2362 Ait
623 2297 709 2361 enim
725 2299 921 2379 Aristoteles,
935 2300 1087 2387 quoniam
1103 2303 1227 2364 contin-

266 2421 340 2482 gere
362 2399 495 2465 duobus
519 2398 622 2463 modis
646 2398 777 2476 dicitur,
798 2423 862 2464 uno
886 2401 1029 2485 quidem,
1046 2402 1134 2489 quod
1159 2401 1225 2488 ple·

269 2523 406 2588 rumque
420 2501 470 2580 fit,
486 2512 518 2565 et
545 2500 665 2577 delicit,
692 2502 914 2580 necessarium,
932 2515 968 2567 ut
984 2526 1147 2568 canescere
1172 2502 1228 2566 ho-

268 2603 396 2684 miuem,
406 2602 458 2667 vel
473 2603 596 2688 augeri,
609 2602 658 2666 vel
674 2603 787 2680 minui,
800 2603 849 2668 vel
865 2604 994 2668 omnino
1009 2603 1097 2689 quod
1113 2616 1226 2668 natum

268 2719 416 2771 estesse:
440 2705 501 2768 hoc
515 2704 599 2768 enim
616 2728 678 2769 nou
690 2706 878 2770 continuum
895 2706 993 2771 habet
1005 2704 1226 2783 necessarium,

265 2806 406 2895 eoquod
422 2828 486 2870 non
501 2828 625 2892 semper
633 2819 681 2871 est
694 2806 800 2871 homo.
846 2810 931 2871 Nam
943 2829 1045 2893 quum
1060 2803 1156 2868 homo
1167 2818 1226 2885 est,

266 2919 321 2973 aut
334 2932 376 2974 ex
388 2906 585 2985 necessitate,
597 2921 654 2972 aut
668 2908 754 2972 utin
771 2908 920 2994 pluribus
931 2923 989 2972 est.
1028 2906 1101 2970 Alio
1116 2919 1223 2970 autem

267 3008 437 3085 inlinitum,
450 3006 538 3094 quod
553 3020 586 3073 et
600 3007 656 3088 sic,
667 3022 699 3073 et
715 3031 778 3072 non
794 3009 850 3087 sic,
866 3007 1032 3092 possibile:
1056 3019 1093 3070 ut
1107 3004 1225 3070 animal

268 3111 441 3189 ambulare,
458 3109 509 3174 vel
523 3110 708 3176 ambulante
723 3110 792 3174 lieri
815 3121 937 3174 motum
962 3123 1067 3184 terrae‚
1083 3107 1134 3171 vel
1155 3130 1223 3171 om-

267 3217 341 3280 niun
359 3212 451 3300 quod
474 3236 493 3277 a
514 3233 588 3278 casu
611 3213 658 3277 fit.
705 3211 796 3278 Nihil
818 3214 901 3276 enim
924 3211 968 3275 sic
991 3209 1092 3295 magis
1113 3223 1224 3274 natum

268 3330 324 3396 est,
336 3317 388 3381 vel
404 3339 423 3381 e
437 3315 607 3381 contrario.
644 3316 740 3379 Nunc
755 3327 864 3378 antem
881 3331 918 3378 ut
930 3335 1102 3400 sequamur
1117 3334 1222 3391 usum,

269 3421 370 3495 Quem
381 3438 483 3503 penes
497 3419 670 3482 arbitrium
685 3425 741 3497 eat,
756 3423 787 3481 et
800 3418 870 3497 jus,
886 3424 918 3480 et
931 3437 1047 3481 nortun
1061 3419 1223 3500 loquendi,

266 3518 345 3585 illud
369 3520 472 3584 aulum
495 3541 561 3583 esse
584 3518 781 3603 contingens,
804 3518 892 3603 quod
918 3517 1080 3582 interdum
1103 3519 1221 3595 evenit,

262 3623 329 3709 jam
343 3621 481 3688 dicitur:
513 3619 656 3706 alioquin
676 3642 781 3706 neque
803 3633 935 3707 propter
957 3635 1094 3685 amotam
1119 3644 1223 3685 neces-

267 3723 403 3803 sitatem,
433 3745 538 3809 neque
568 3735 701 3809 propter
735 3723 931 3787 assistentem
970 3723 1224 3807 possibilitatem,

265 3825 390 3890 dicetur
413 3825 608 3908 contingere.
665 3826 760 3890 Patet
785 3829 895 3911 itaque
920 3824 1008 3910 quod
1033 3848 1110 3890 usus
1135 3826 1225 3890 Aris-

267 3930 361 3992 totele
387 3926 548 4013 potentior
574 3939 636 4007 est,
657 3925 689 3989 in
713 3926 898 4013 derogando
922 3927 1036 4005 verbis,
1062 3929 1229 3991 velabro.

266 4028 370 4112 gando
396 4028 513 4093 verbu:
552 4027 608 4092 scd
635 4028 799 4093 veritatem
830 4051 949 4112 rerum,
977 4029 1129 4115 quoniam
1155 4051 1224 4092 eam

267 4128 359 4196 homo
389 4152 452 4194 non
484 4127 609 4207 statuit,
636 4151 693 4192 nec
720 4128 868 4194 voluntas
898 4131 1037 4196 humana
1063 4127 1224 4190 convellit.

270 4231 385 4319 ltaque
414 4231 442 4295 ai
473 4230 542 4295 fieri
573 4243 689 4316 potest,
715 4231 835 4295 artium
858 4231 957 4294 verbe
988 4239 1169 4300 teneantur,
1195 4240 1228 4293 et

270 4354 387 4399 sensus.
435 4332 489 4397 Sin
514 4344 621 4395 autem
646 4330 753 4397 minua
775 4331 854 4396 dum
877 4354 987 4395 sensus
1010 4338 1149 4404 maneat,
1172 4350 1228 4392 ex-

265 4433 372 4501 cidant
399 4434 514 4499 verba:
551 4436 702 4519 quoniam
731 4447 817 4498 artes
844 4433 936 4508 scire,
961 4451 1026 4492 non
1056 4440 1104 4491 nst
1131 4424 1246 4517 scrip.¹
