<?xml version="1.0" encoding="UTF-8"?>
<!DOCTYPE html PUBLIC "-//W3C//DTD XHTML 1.0 Transitional//EN"
    "http://www.w3.org/TR/xhtml1/DTD/xhtml1-transitional.dtd">
<html xmlns="http://www.w3.org/1999/xhtml" xml:lang="en" lang="en">
 <head>
  <title>
</title>
<meta http-equiv="Content-Type" content="text/html;charset=utf-8" />
  <meta name='ocr-system' content='tesseract 3.04.00' />
  <meta name='ocr-capabilities' content='ocr_page ocr_carea ocr_par ocr_line ocrx_word'/>
</head>
<body>
  <div class='ocr_page' id='page_1' title='image "./joannissaresber15johngoog_0342.png"; bbox 0 0 2992 5592; ppageno 0'>
   <div class='ocr_carea' id='block_1_1' title="bbox 262 780 954 842">
    <p class='ocr_par' dir='ltr' id='par_1_1' title="bbox 262 780 954 842">
     <span class='ocr_line' id='line_1_1' title="bbox 262 780 954 842; baseline -0.007 0"><span class='ocrx_word' id='word_1_1' title='bbox 262 780 324 842; x_wconf 73' lang='lat'><strong>328</strong></span> <span class='ocrx_word' id='word_1_2' title='bbox 518 792 653 838; x_wconf 72' lang='lat' dir='ltr'><strong>scissis</strong></span> <span class='ocrx_word' id='word_1_3' title='bbox 670 791 954 838; x_wconf 71' lang='lat' dir='ltr'><strong>ssuesusnrsxsrs</strong></span> 
     </span>
    </p>
   </div>
   <div class='ocr_carea' id='block_1_2' title="bbox 262 946 1223 3742">
    <p class='ocr_par' dir='ltr' id='par_1_2' title="bbox 262 946 1223 3742">
     <span class='ocr_line' id='line_1_2' title="bbox 265 946 1220 1032; baseline -0.001 -21"><span class='ocrx_word' id='word_1_4' title='bbox 265 949 333 1032; x_wconf 87' lang='lat' dir='ltr'><strong>ejus</strong></span> <span class='ocrx_word' id='word_1_5' title='bbox 350 949 392 1009; x_wconf 91' lang='lat' dir='ltr'><strong>ibi</strong></span> <span class='ocrx_word' id='word_1_6' title='bbox 409 946 527 1009; x_wconf 88' lang='lat' dir='ltr'><strong>diutius</strong></span> <span class='ocrx_word' id='word_1_7' title='bbox 539 957 726 1029; x_wconf 81' lang='lat' dir='ltr'><strong>expectaret</strong></span> <span class='ocrx_word' id='word_1_8' title='bbox 738 946 892 1010; x_wconf 75' lang='lat' dir='ltr'><strong>inhibuit</strong></span> <span class='ocrx_word' id='word_1_9' title='bbox 942 949 993 1010; x_wconf 83' lang='lat' dir='ltr'><strong>Ab</strong></span> <span class='ocrx_word' id='word_1_10' title='bbox 1009 948 1067 1010; x_wconf 91' lang='lat' dir='ltr'><strong>illo</strong></span> <span class='ocrx_word' id='word_1_11' title='bbox 1084 969 1160 1030; x_wconf 79' lang='lat' dir='ltr'><strong>ergo</strong></span> <span class='ocrx_word' id='word_1_12' title='bbox 1175 948 1220 1010; x_wconf 77' lang='lat' dir='ltr'><strong>(be</strong></span> 
     </span>
     <span class='ocr_line' id='line_1_3' title="bbox 265 1048 1223 1128; baseline -0.001 -16"><span class='ocrx_word' id='word_1_13' title='bbox 265 1049 399 1112; x_wconf 89' lang='lat' dir='ltr'><strong>ecclesia</strong></span> <span class='ocrx_word' id='word_1_14' title='bbox 410 1048 471 1110; x_wconf 90' lang='lat' dir='ltr'><strong>Dei</strong></span> <span class='ocrx_word' id='word_1_15' title='bbox 483 1048 583 1128; x_wconf 82' lang='lat' dir='ltr'><strong>arogis</strong></span> <span class='ocrx_word' id='word_1_16' title='bbox 595 1048 791 1126; x_wconf 75' lang='lat' dir='ltr'><strong>concutitur,</strong></span> <span class='ocrx_word' id='word_1_17' title='bbox 799 1048 992 1111; x_wconf 88' lang='lat' dir='ltr'><strong>minuuntur</strong></span> <span class='ocrx_word' id='word_1_18' title='bbox 998 1061 1033 1112; x_wconf 91' lang='lat' dir='ltr'><strong>et</strong></span> <span class='ocrx_word' id='word_1_19' title='bbox 1043 1051 1223 1114; x_wconf 84' lang='lat' dir='ltr'><strong>atrleruotur</strong></span> 
     </span>
     <span class='ocr_line' id='line_1_4' title="bbox 262 1147 1222 1232; baseline 0.002 -19"><span class='ocrx_word' id='word_1_20' title='bbox 262 1147 493 1232; x_wconf 84' lang='lat' dir='ltr'><strong>possessiones,</strong></span> <span class='ocrx_word' id='word_1_21' title='bbox 511 1151 624 1212; x_wconf 87' lang='lat' dir='ltr'><strong>litibus</strong></span> <span class='ocrx_word' id='word_1_22' title='bbox 638 1162 670 1212; x_wconf 87' lang='lat' dir='ltr'><strong>et</strong></span> <span class='ocrx_word' id='word_1_23' title='bbox 691 1150 874 1232; x_wconf 83' lang='lat' dir='ltr'>sumptibus</span> <span class='ocrx_word' id='word_1_24' title='bbox 890 1163 1055 1214; x_wconf 78' lang='lat' dir='ltr'><strong>vexantur</strong></span> <span class='ocrx_word' id='word_1_25' title='bbox 1068 1152 1222 1226; x_wconf 86' lang='lat' dir='ltr'><strong>homines,</strong></span> 
     </span>
     <span class='ocr_line' id='line_1_5' title="bbox 263 1251 1221 1336; baseline 0.001 -22"><span class='ocrx_word' id='word_1_26' title='bbox 263 1263 295 1314; x_wconf 90' lang='lat' dir='ltr'><strong>et</strong></span> <span class='ocrx_word' id='word_1_27' title='bbox 310 1251 392 1314; x_wconf 90' lang='lat' dir='ltr'><strong>fiunt</strong></span> <span class='ocrx_word' id='word_1_28' title='bbox 402 1273 529 1335; x_wconf 82' lang='lat' dir='ltr'><strong>semper</strong></span> <span class='ocrx_word' id='word_1_29' title='bbox 544 1251 576 1314; x_wconf 87' lang='lat' dir='ltr'><strong>in</strong></span> <span class='ocrx_word' id='word_1_30' title='bbox 590 1252 658 1315; x_wconf 90' lang='lat' dir='ltr'><strong>dies</strong></span> <span class='ocrx_word' id='word_1_31' title='bbox 668 1251 845 1336; x_wconf 81' lang='lat' dir='ltr'>posteriora</span> <span class='ocrx_word' id='word_1_32' title='bbox 860 1251 972 1335; x_wconf 86' lang='lat' dir='ltr'><strong>pejora</strong></span> <span class='ocrx_word' id='word_1_33' title='bbox 981 1255 1157 1335; x_wconf 73' lang='lat' dir='ltr'><strong>prioribus.</strong></span> <span class='ocrx_word' id='word_1_34' title='bbox 1181 1255 1221 1318; x_wconf 92' lang='lat' dir='ltr'><strong>Ut</strong></span> 
     </span>
     <span class='ocr_line' id='line_1_6' title="bbox 263 1355 1220 1439; baseline 0.003 -23"><span class='ocrx_word' id='word_1_35' title='bbox 263 1367 369 1417; x_wconf 85' lang='lat' dir='ltr'><strong>autem</strong></span> <span class='ocrx_word' id='word_1_36' title='bbox 390 1355 498 1437; x_wconf 88' lang='lat' dir='ltr'><strong>palam</strong></span> <span class='ocrx_word' id='word_1_37' title='bbox 519 1355 632 1417; x_wconf 87' lang='lat' dir='ltr'><strong>fierent</strong></span> <span class='ocrx_word' id='word_1_38' title='bbox 655 1356 750 1430; x_wconf 86' lang='lat' dir='ltr'><strong>mala,</strong></span> <span class='ocrx_word' id='word_1_39' title='bbox 773 1355 912 1437; x_wconf 86' lang='lat' dir='ltr'><strong>quisque</strong></span> <span class='ocrx_word' id='word_1_40' title='bbox 934 1366 1061 1423; x_wconf 73' lang='lat' dir='ltr'><strong>nocent</strong></span> <span class='ocrx_word' id='word_1_41' title='bbox 1083 1359 1220 1439; x_wconf 84' lang='lat' dir='ltr'><strong>optabat.</strong></span> 
     </span>
     <span class='ocr_line' id='line_1_7' title="bbox 265 1454 1221 1539; baseline 0 -19"><span class='ocrx_word' id='word_1_42' title='bbox 265 1454 463 1520; x_wconf 86' lang='lat' dir='ltr'><strong>Gaudebant</strong></span> <span class='ocrx_word' id='word_1_43' title='bbox 492 1456 577 1517; x_wconf 86' lang='lat' dir='ltr'><strong>enim</strong></span> <span class='ocrx_word' id='word_1_44' title='bbox 606 1467 643 1518; x_wconf 92' lang='lat' dir='ltr'><strong>ut</strong></span> <span class='ocrx_word' id='word_1_45' title='bbox 673 1455 814 1517; x_wconf 85' lang='lat' dir='ltr'><strong>Sodoma</strong></span> <span class='ocrx_word' id='word_1_46' title='bbox 843 1455 877 1516; x_wconf 91' lang='lat' dir='ltr'><strong>iu</strong></span> <span class='ocrx_word' id='word_1_47' title='bbox 914 1456 965 1519; x_wconf 89' lang='lat' dir='ltr'><strong>sui</strong></span> <span class='ocrx_word' id='word_1_48' title='bbox 1000 1458 1221 1539; x_wconf 67' lang='lat' dir='ltr'>publicatione</span> 
     </span>
     <span class='ocr_line' id='line_1_8' title="bbox 265 1553 1220 1637; baseline -0.001 -20"><span class='ocrx_word' id='word_1_49' title='bbox 265 1554 399 1637; x_wconf 86' lang='lat' dir='ltr'><strong>peccati.</strong></span> <span class='ocrx_word' id='word_1_50' title='bbox 442 1554 527 1615; x_wconf 92' lang='lat' dir='ltr'><strong>Nam</strong></span> <span class='ocrx_word' id='word_1_51' title='bbox 543 1553 687 1636; x_wconf 86' lang='lat' dir='ltr'><strong>quisquis</strong></span> <span class='ocrx_word' id='word_1_52' title='bbox 702 1555 892 1615; x_wconf 84' lang='lat' dir='ltr'><strong>Anselmum</strong></span> <span class='ocrx_word' id='word_1_53' title='bbox 907 1554 1100 1632; x_wconf 82' lang='lat' dir='ltr'><strong>offendaret,</strong></span> <span class='ocrx_word' id='word_1_54' title='bbox 1115 1555 1220 1635; x_wconf 83' lang='lat' dir='ltr'><strong>gratis·</strong></span> 
     </span>
     <span class='ocr_line' id='line_1_9' title="bbox 266 1651 1219 1735; baseline -0.001 -18"><span class='ocrx_word' id='word_1_55' title='bbox 266 1654 381 1717; x_wconf 88' lang='lat' dir='ltr'><strong>simum</strong></span> <span class='ocrx_word' id='word_1_56' title='bbox 391 1653 458 1733; x_wconf 82' lang='lat' dir='ltr'><strong>regi</strong></span> <span class='ocrx_word' id='word_1_57' title='bbox 471 1651 635 1716; x_wconf 80' lang='lat' dir='ltr'><strong>ridebatur</strong></span> <span class='ocrx_word' id='word_1_58' title='bbox 644 1651 784 1715; x_wconf 81' lang='lat' dir='ltr'><strong>officium</strong></span> <span class='ocrx_word' id='word_1_59' title='bbox 800 1653 998 1735; x_wconf 79' lang='lat' dir='ltr'><strong>praestitisse.</strong></span> <span class='ocrx_word' id='word_1_60' title='bbox 1025 1656 1103 1717; x_wconf 90' lang='lat' dir='ltr'><strong>Non</strong></span> <span class='ocrx_word' id='word_1_61' title='bbox 1114 1669 1180 1718; x_wconf 89' lang='lat' dir='ltr'><strong>erat</strong></span> <span class='ocrx_word' id='word_1_62' title='bbox 1193 1655 1219 1717; x_wconf 88' lang='lat' dir='ltr'><strong>ei</strong></span> 
     </span>
     <span class='ocr_line' id='line_1_10' title="bbox 266 1753 1220 1838; baseline 0.001 -20"><span class='ocrx_word' id='word_1_63' title='bbox 266 1756 400 1838; x_wconf 81' lang='lat' dir='ltr'>requies,</span> <span class='ocrx_word' id='word_1_64' title='bbox 411 1755 472 1816; x_wconf 89' lang='lat' dir='ltr'><strong>nisi</strong></span> <span class='ocrx_word' id='word_1_65' title='bbox 485 1776 583 1837; x_wconf 89' lang='lat' dir='ltr'><strong>quum</strong></span> <span class='ocrx_word' id='word_1_66' title='bbox 596 1755 675 1817; x_wconf 89' lang='lat' dir='ltr'><strong>sorte</strong></span> <span class='ocrx_word' id='word_1_67' title='bbox 687 1775 720 1815; x_wconf 90' lang='lat' dir='ltr'><strong>se</strong></span> <span class='ocrx_word' id='word_1_68' title='bbox 733 1753 871 1816; x_wconf 90' lang='lat' dir='ltr'><strong>claustro</strong></span> <span class='ocrx_word' id='word_1_69' title='bbox 883 1753 1109 1835; x_wconf 76' lang='lat' dir='ltr'><strong>immergebat.</strong></span> <span class='ocrx_word' id='word_1_70' title='bbox 1135 1757 1220 1819; x_wconf 85' lang='lat' dir='ltr'><strong>Fate-</strong></span> 
     </span>
     <span class='ocr_line' id='line_1_11' title="bbox 267 1851 1220 1936; baseline 0 -18"><span class='ocrx_word' id='word_1_71' title='bbox 267 1857 361 1918; x_wconf 83' lang='lat' dir='ltr'><strong>batur</strong></span> <span class='ocrx_word' id='word_1_72' title='bbox 376 1857 436 1916; x_wconf 90' lang='lat' dir='ltr'><strong>hoc</strong></span> <span class='ocrx_word' id='word_1_73' title='bbox 454 1875 527 1916; x_wconf 91' lang='lat' dir='ltr'><strong>cum</strong></span> <span class='ocrx_word' id='word_1_74' title='bbox 542 1854 694 1926; x_wconf 82' lang='lat' dir='ltr'><strong>lacrimis,</strong></span> <span class='ocrx_word' id='word_1_75' title='bbox 710 1851 894 1936; x_wconf 87' lang='lat' dir='ltr'><strong>hujusmodi</strong></span> <span class='ocrx_word' id='word_1_76' title='bbox 912 1853 1061 1917; x_wconf 88' lang='lat' dir='ltr'><strong>adhibita</strong></span> <span class='ocrx_word' id='word_1_77' title='bbox 1077 1856 1220 1917; x_wconf 89' lang='lat' dir='ltr'><strong>similitu·</strong></span> 
     </span>
     <span class='ocr_line' id='line_1_12' title="bbox 269 1952 1220 2037; baseline 0 -20"><span class='ocrx_word' id='word_1_78' title='bbox 269 1953 353 2017; x_wconf 91' lang='lat' dir='ltr'><strong>dine.</strong></span> <span class='ocrx_word' id='word_1_79' title='bbox 369 1953 467 2016; x_wconf 86' lang='lat' dir='ltr'><strong>“Sic&#39;’</strong></span> <span class='ocrx_word' id='word_1_80' title='bbox 478 1952 646 2037; x_wconf 88' lang='lat' dir='ltr'><strong>inquit“in</strong></span> <span class='ocrx_word' id='word_1_81' title='bbox 657 1953 1220 2037; x_wconf 83' lang='lat' dir='ltr'><strong>cavernabubolaetaturcumpullis:</strong></span> 
     </span>
     <span class='ocr_line' id='line_1_13' title="bbox 267 2054 1220 2137; baseline 0.002 -19"><span class='ocrx_word' id='word_1_82' title='bbox 267 2055 481 2137; x_wconf 77' lang='lat' dir='ltr'><strong>egredientem</strong></span> <span class='ocrx_word' id='word_1_83' title='bbox 504 2077 576 2118; x_wconf 79' lang='lat' dir='ltr'><strong>cero</strong></span> <span class='ocrx_word' id='word_1_84' title='bbox 598 2055 687 2118; x_wconf 81' lang='lat' dir='ltr'><strong>corvi</strong></span> <span class='ocrx_word' id='word_1_85' title='bbox 707 2054 945 2137; x_wconf 81' lang='lat' dir='ltr'><strong>corniculaeque</strong></span> <span class='ocrx_word' id='word_1_86' title='bbox 966 2056 1094 2119; x_wconf 85' lang='lat' dir='ltr'><strong>laniant</strong></span> <span class='ocrx_word' id='word_1_87' title='bbox 1113 2071 1147 2120; x_wconf 88' lang='lat' dir='ltr'><strong>et</strong></span> <span class='ocrx_word' id='word_1_88' title='bbox 1160 2057 1220 2120; x_wconf 82' lang='lat' dir='ltr'><strong>dis-</strong></span> 
     </span>
     <span class='ocr_line' id='line_1_14' title="bbox 267 2156 1219 2240; baseline 0.001 -21"><span class='ocrx_word' id='word_1_89' title='bbox 267 2170 410 2240; x_wconf 83' lang='lat' dir='ltr'><strong>cerpuut</strong></span> <span class='ocrx_word' id='word_1_90' title='bbox 428 2156 599 2219; x_wconf 87' lang='lat' dir='ltr'><strong>Continete</strong></span> <span class='ocrx_word' id='word_1_91' title='bbox 610 2157 1012 2238; x_wconf 80' lang='lat' dir='ltr'><strong>cosintraquantumlicet,</strong></span> <span class='ocrx_word' id='word_1_92' title='bbox 1020 2157 1219 2222; x_wconf 74' lang='lat' dir='ltr'><strong>dilectissimi</strong></span> 
     </span>
     <span class='ocr_line' id='line_1_15' title="bbox 266 2257 1221 2340; baseline 0.004 -22"><span class='ocrx_word' id='word_1_93' title='bbox 266 2257 345 2331; x_wconf 85' lang='lat' dir='ltr'><strong>filii;</strong></span> <span class='ocrx_word' id='word_1_94' title='bbox 369 2258 444 2319; x_wconf 85' lang='lat' dir='ltr'><strong>satis</strong></span> <span class='ocrx_word' id='word_1_95' title='bbox 458 2268 517 2332; x_wconf 88' lang='lat' dir='ltr'><strong>est,</strong></span> <span class='ocrx_word' id='word_1_96' title='bbox 533 2257 619 2339; x_wconf 91' lang='lat' dir='ltr'><strong>quod</strong></span> <span class='ocrx_word' id='word_1_97' title='bbox 635 2278 686 2319; x_wconf 90' lang='lat' dir='ltr'><strong>me</strong></span> <span class='ocrx_word' id='word_1_98' title='bbox 701 2257 863 2319; x_wconf 90' lang='lat' dir='ltr'><strong>bubonem</strong></span> <span class='ocrx_word' id='word_1_99' title='bbox 874 2277 966 2318; x_wconf 90' lang='lat' dir='ltr'><strong>suum</strong></span> <span class='ocrx_word' id='word_1_100' title='bbox 980 2261 1111 2340; x_wconf 85' lang='lat' dir='ltr'><strong>negotia</strong></span> <span class='ocrx_word' id='word_1_101' title='bbox 1122 2281 1221 2323; x_wconf 80' lang='lat' dir='ltr'><strong>saecu·</strong></span> 
     </span>
     <span class='ocr_line' id='line_1_16' title="bbox 266 2357 1221 2436; baseline 0.005 -18"><span class='ocrx_word' id='word_1_102' title='bbox 266 2358 343 2419; x_wconf 84' lang='lat' dir='ltr'><strong>laria</strong></span> <span class='ocrx_word' id='word_1_103' title='bbox 365 2357 583 2436; x_wconf 79' lang='lat' dir='ltr'><strong>tumultusque</strong></span> <span class='ocrx_word' id='word_1_104' title='bbox 610 2357 833 2418; x_wconf 87' lang='lat' dir='ltr'><strong>consumunt.&#39;’</strong></span> <span class='ocrx_word' id='word_1_105' title='bbox 877 2358 960 2419; x_wconf 91' lang='lat' dir='ltr'><strong>Nam</strong></span> <span class='ocrx_word' id='word_1_106' title='bbox 989 2370 1022 2421; x_wconf 87' lang='lat' dir='ltr'><strong>et</strong></span> <span class='ocrx_word' id='word_1_107' title='bbox 1051 2359 1221 2423; x_wconf 84' lang='lat' dir='ltr'><strong>domestici</strong></span> 
     </span>
     <span class='ocr_line' id='line_1_17' title="bbox 265 2457 1220 2541; baseline 0.006 -23"><span class='ocrx_word' id='word_1_108' title='bbox 265 2457 335 2541; x_wconf 91' lang='lat' dir='ltr'><strong>ejus</strong></span> <span class='ocrx_word' id='word_1_109' title='bbox 355 2477 397 2518; x_wconf 88' lang='lat' dir='ltr'><strong>ex</strong></span> <span class='ocrx_word' id='word_1_110' title='bbox 418 2475 532 2536; x_wconf 86' lang='lat' dir='ltr'><strong>magne</strong></span> <span class='ocrx_word' id='word_1_111' title='bbox 555 2468 643 2540; x_wconf 87' lang='lat' dir='ltr'><strong>parte</strong></span> <span class='ocrx_word' id='word_1_112' title='bbox 664 2457 914 2520; x_wconf 82' lang='lat' dir='ltr'><strong>adversabantur</strong></span> <span class='ocrx_word' id='word_1_113' title='bbox 929 2459 968 2521; x_wconf 87' lang='lat' dir='ltr'><strong>ei.</strong></span> <span class='ocrx_word' id='word_1_114' title='bbox 1015 2460 1096 2522; x_wconf 84' lang='lat' dir='ltr'><strong>Erat</strong></span> <span class='ocrx_word' id='word_1_115' title='bbox 1116 2474 1220 2524; x_wconf 87' lang='lat' dir='ltr'><strong>autem</strong></span> 
     </span>
     <span class='ocr_line' id='line_1_18' title="bbox 266 2554 1218 2641; baseline 0.006 -22"><span class='ocrx_word' id='word_1_116' title='bbox 266 2557 311 2620; x_wconf 92' lang='lat' dir='ltr'><strong>sic</strong></span> <span class='ocrx_word' id='word_1_117' title='bbox 328 2554 472 2617; x_wconf 89' lang='lat' dir='ltr'><strong>infinuus</strong></span> <span class='ocrx_word' id='word_1_118' title='bbox 488 2554 530 2616; x_wconf 91' lang='lat' dir='ltr'><strong>ad</strong></span> <span class='ocrx_word' id='word_1_119' title='bbox 553 2555 727 2631; x_wconf 85' lang='lat' dir='ltr'><strong>mundana,</strong></span> <span class='ocrx_word' id='word_1_120' title='bbox 750 2568 785 2618; x_wconf 91' lang='lat' dir='ltr'><strong>ut</strong></span> <span class='ocrx_word' id='word_1_121' title='bbox 806 2557 954 2639; x_wconf 88' lang='lat' dir='ltr'><strong>quotiens</strong></span> <span class='ocrx_word' id='word_1_122' title='bbox 974 2558 1164 2641; x_wconf 80' lang='lat' dir='ltr'><strong>aliquandiu</strong></span> <span class='ocrx_word' id='word_1_123' title='bbox 1178 2583 1218 2624; x_wconf 88' lang='lat' dir='ltr'><strong>ex</strong></span> 
     </span>
     <span class='ocr_line' id='line_1_19' title="bbox 265 2661 1219 2739; baseline 0.003 -13"><span class='ocrx_word' id='word_1_124' title='bbox 265 2661 456 2727; x_wconf 86' lang='lat' dir='ltr'><strong>necessitate</strong></span> <span class='ocrx_word' id='word_1_125' title='bbox 487 2661 695 2724; x_wconf 77' lang='lat' dir='ltr'><strong>saecularibus</strong></span> <span class='ocrx_word' id='word_1_126' title='bbox 718 2661 824 2723; x_wconf 86' lang='lat' dir='ltr'><strong>causis</strong></span> <span class='ocrx_word' id='word_1_127' title='bbox 847 2661 1007 2739; x_wconf 90' lang='lat' dir='ltr'><strong>intererat,</strong></span> <span class='ocrx_word' id='word_1_128' title='bbox 1036 2677 1093 2725; x_wconf 93' lang='lat' dir='ltr'><strong>aut</strong></span> <span class='ocrx_word' id='word_1_129' title='bbox 1114 2667 1219 2728; x_wconf 89' lang='lat' dir='ltr'><strong>animo</strong></span> 
     </span>
     <span class='ocr_line' id='line_1_20' title="bbox 266 2761 1219 2843; baseline 0.003 -16"><span class='ocrx_word' id='word_1_130' title='bbox 266 2763 428 2840; x_wconf 83' lang='lat' dir='ltr'><strong>deficeret,</strong></span> <span class='ocrx_word' id='word_1_131' title='bbox 445 2773 499 2825; x_wconf 87' lang='lat' dir='ltr'><strong>aut</strong></span> <span class='ocrx_word' id='word_1_132' title='bbox 514 2783 639 2843; x_wconf 82' lang='lat' dir='ltr'><strong>gravem</strong></span> <span class='ocrx_word' id='word_1_133' title='bbox 650 2762 788 2843; x_wconf 85' lang='lat' dir='ltr'><strong>aliquam</strong></span> <span class='ocrx_word' id='word_1_134' title='bbox 799 2761 976 2825; x_wconf 86' lang='lat' dir='ltr'><strong>incurreret</strong></span> <span class='ocrx_word' id='word_1_135' title='bbox 985 2764 1219 2843; x_wconf 74' lang='lat' dir='ltr'><strong>egritudinem.</strong></span> 
     </span>
     <span class='ocr_line' id='line_1_21' title="bbox 269 2865 1219 2945; baseline 0.002 -16"><span class='ocrx_word' id='word_1_136' title='bbox 269 2866 459 2929; x_wconf 81' lang='lat' dir='ltr'><strong>Ratiociniis</strong></span> <span class='ocrx_word' id='word_1_137' title='bbox 478 2865 629 2927; x_wconf 87' lang='lat' dir='ltr'><strong>interesse</strong></span> <span class='ocrx_word' id='word_1_138' title='bbox 644 2886 708 2926; x_wconf 88' lang='lat' dir='ltr'><strong>nou</strong></span> <span class='ocrx_word' id='word_1_139' title='bbox 730 2875 874 2945; x_wconf 81' lang='lat' dir='ltr'><strong>poterat3</strong></span> <span class='ocrx_word' id='word_1_140' title='bbox 898 2865 957 2928; x_wconf 84' lang='lat' dir='ltr'><strong>sed</strong></span> <span class='ocrx_word' id='word_1_141' title='bbox 977 2865 1164 2942; x_wconf 75' lang='lat' dir='ltr'><strong>baldwino,</strong></span> <span class='ocrx_word' id='word_1_142' title='bbox 1180 2868 1219 2931; x_wconf 92' lang='lat' dir='ltr'><strong>de</strong></span> 
     </span>
     <span class='ocr_line' id='line_1_22' title="bbox 267 2965 1219 3053; baseline 0.001 -21"><span class='ocrx_word' id='word_1_143' title='bbox 267 2991 331 3053; x_wconf 88' lang='lat' dir='ltr'><strong>quo</strong></span> <span class='ocrx_word' id='word_1_144' title='bbox 361 2967 483 3030; x_wconf 90' lang='lat' dir='ltr'><strong>dictum</strong></span> <span class='ocrx_word' id='word_1_145' title='bbox 513 2979 572 3042; x_wconf 89' lang='lat' dir='ltr'><strong>est,</strong></span> <span class='ocrx_word' id='word_1_146' title='bbox 601 2965 787 3027; x_wconf 88' lang='lat' dir='ltr'><strong>imminebat</strong></span> <span class='ocrx_word' id='word_1_147' title='bbox 816 2965 957 3028; x_wconf 89' lang='lat' dir='ltr'><strong>omnium</strong></span> <span class='ocrx_word' id='word_1_148' title='bbox 989 2988 1077 3030; x_wconf 79' lang='lat' dir='ltr'><strong>cura</strong></span> <span class='ocrx_word' id='word_1_149' title='bbox 1125 2970 1219 3033; x_wconf 84' lang='lat' dir='ltr'><strong>Unde</strong></span> 
     </span>
     <span class='ocr_line' id='line_1_23' title="bbox 266 3065 1218 3154; baseline 0.003 -21"><span class='ocrx_word' id='word_1_150' title='bbox 266 3070 415 3154; x_wconf 88' lang='lat' dir='ltr'><strong>quotiens</strong></span> <span class='ocrx_word' id='word_1_151' title='bbox 426 3068 547 3131; x_wconf 89' lang='lat' dir='ltr'><strong>licitum</strong></span> <span class='ocrx_word' id='word_1_152' title='bbox 555 3081 631 3144; x_wconf 73' lang='lat' dir='ltr'><strong>erat,</strong></span> <span class='ocrx_word' id='word_1_153' title='bbox 645 3068 846 3129; x_wconf 87' lang='lat' dir='ltr'><strong>secretiorem</strong></span> <span class='ocrx_word' id='word_1_154' title='bbox 854 3065 1099 3146; x_wconf 90' lang='lat' dir='ltr'><strong>adibatlocum;</strong></span> <span class='ocrx_word' id='word_1_155' title='bbox 1115 3085 1146 3135; x_wconf 91' lang='lat' dir='ltr'><strong>et</strong></span> <span class='ocrx_word' id='word_1_156' title='bbox 1155 3094 1218 3136; x_wconf 90' lang='lat' dir='ltr'><strong>non</strong></span> 
     </span>
     <span class='ocr_line' id='line_1_24' title="bbox 267 3163 1220 3249; baseline 0.002 -14"><span class='ocrx_word' id='word_1_157' title='bbox 267 3172 382 3236; x_wconf 89' lang='lat' dir='ltr'><strong>diebus</strong></span> <span class='ocrx_word' id='word_1_158' title='bbox 406 3190 510 3249; x_wconf 88' lang='lat' dir='ltr'><strong>neque</strong></span> <span class='ocrx_word' id='word_1_159' title='bbox 533 3167 683 3230; x_wconf 90' lang='lat' dir='ltr'><strong>noctibus</strong></span> <span class='ocrx_word' id='word_1_160' title='bbox 702 3163 759 3228; x_wconf 87' lang='lat' dir='ltr'><strong>sed</strong></span> <span class='ocrx_word' id='word_1_161' title='bbox 779 3187 839 3228; x_wconf 88' lang='lat' dir='ltr'><strong>uec</strong></span> <span class='ocrx_word' id='word_1_162' title='bbox 859 3167 942 3227; x_wconf 88' lang='lat' dir='ltr'><strong>inter</strong></span> <span class='ocrx_word' id='word_1_163' title='bbox 961 3169 1220 3249; x_wconf 85' lang='lat' dir='ltr'><strong>prandendumn</strong></span> 
     </span>
     <span class='ocr_line' id='line_1_25' title="bbox 269 3267 1218 3354; baseline 0.003 -18"><span class='ocrx_word' id='word_1_164' title='bbox 269 3271 439 3354; x_wconf 86' lang='lat' dir='ltr'><strong>colloquiis</strong></span> <span class='ocrx_word' id='word_1_165' title='bbox 451 3269 569 3330; x_wconf 83' lang='lat' dir='ltr'><strong>divinis</strong></span> <span class='ocrx_word' id='word_1_166' title='bbox 579 3281 610 3330; x_wconf 89' lang='lat' dir='ltr'><strong>et</strong></span> <span class='ocrx_word' id='word_1_167' title='bbox 618 3267 760 3330; x_wconf 87' lang='lat' dir='ltr'><strong>oratione</strong></span> <span class='ocrx_word' id='word_1_168' title='bbox 768 3267 923 3329; x_wconf 89' lang='lat' dir='ltr'><strong>cessabat.</strong></span> <span class='ocrx_word' id='word_1_169' title='bbox 949 3269 1085 3353; x_wconf 84' lang='lat' dir='ltr'><strong>Scripsit</strong></span> <span class='ocrx_word' id='word_1_170' title='bbox 1095 3275 1218 3338; x_wconf 86' lang='lat' dir='ltr'><strong>interim</strong></span> 
     </span>
     <span class='ocr_line' id='line_1_26' title="bbox 267 3369 1219 3455; baseline 0.003 -18"><span class='ocrx_word' id='word_1_171' title='bbox 267 3374 382 3438; x_wconf 90' lang='lat' dir='ltr'><strong>librum</strong></span> <span class='ocrx_word' id='word_1_172' title='bbox 406 3371 445 3433; x_wconf 89' lang='lat' dir='ltr'><strong>de</strong></span> <span class='ocrx_word' id='word_1_173' title='bbox 469 3373 694 3432; x_wconf 87' lang='lat' dir='ltr'><strong>lucaruatioue</strong></span> <span class='ocrx_word' id='word_1_174' title='bbox 718 3369 831 3441; x_wconf 82' lang='lat' dir='ltr'><strong>Verbi3</strong></span> <span class='ocrx_word' id='word_1_175' title='bbox 855 3390 950 3452; x_wconf 87' lang='lat' dir='ltr'><strong>quem</strong></span> <span class='ocrx_word' id='word_1_176' title='bbox 966 3373 1131 3455; x_wconf 87' lang='lat' dir='ltr'><strong>epistolari</strong></span> <span class='ocrx_word' id='word_1_177' title='bbox 1147 3378 1219 3440; x_wconf 89' lang='lat' dir='ltr'><strong>stilo</strong></span> 
     </span>
     <span class='ocr_line' id='line_1_27' title="bbox 267 3471 1219 3560; baseline 0.001 -19"><span class='ocrx_word' id='word_1_178' title='bbox 267 3476 484 3557; x_wconf 88' lang='lat' dir='ltr'><strong>conscriptum</strong></span> <span class='ocrx_word' id='word_1_179' title='bbox 509 3474 673 3534; x_wconf 85' lang='lat' dir='ltr'><strong>Romanus</strong></span> <span class='ocrx_word' id='word_1_180' title='bbox 694 3471 841 3554; x_wconf 77' lang='lat' dir='ltr'><strong>pontifex</strong></span> <span class='ocrx_word' id='word_1_181' title='bbox 856 3473 1003 3536; x_wconf 78' lang='lat' dir='ltr'><strong>ecclesiae</strong></span> <span class='ocrx_word' id='word_1_182' title='bbox 1018 3481 1219 3560; x_wconf 87' lang='lat' dir='ltr'><strong>approbarit.</strong></span> 
     </span>
     <span class='ocr_line' id='line_1_28' title="bbox 269 3572 1220 3658; baseline 0.002 -17"><span class='ocrx_word' id='word_1_183' title='bbox 269 3581 352 3642; x_wconf 90' lang='lat' dir='ltr'><strong>Nam</strong></span> <span class='ocrx_word' id='word_1_184' title='bbox 370 3590 402 3639; x_wconf 89' lang='lat' dir='ltr'><strong>et</strong></span> <span class='ocrx_word' id='word_1_185' title='bbox 418 3577 569 3637; x_wconf 87' lang='lat' dir='ltr'><strong>Urbanus</strong></span> <span class='ocrx_word' id='word_1_186' title='bbox 584 3575 759 3637; x_wconf 87' lang='lat' dir='ltr'><strong>rationibus</strong></span> <span class='ocrx_word' id='word_1_187' title='bbox 774 3572 848 3635; x_wconf 90' lang='lat' dir='ltr'><strong>iude</strong></span> <span class='ocrx_word' id='word_1_188' title='bbox 870 3576 1007 3658; x_wconf 87' lang='lat' dir='ltr'><strong>sumptis</strong></span> <span class='ocrx_word' id='word_1_189' title='bbox 1022 3579 1056 3639; x_wconf 89' lang='lat' dir='ltr'><strong>iu</strong></span> <span class='ocrx_word' id='word_1_190' title='bbox 1080 3582 1220 3643; x_wconf 90' lang='lat' dir='ltr'><strong>concilio</strong></span> 
     </span>
     <span class='ocr_line' id='line_1_29' title="bbox 269 3676 843 3742; baseline -0.01 0"><span class='ocrx_word' id='word_1_191' title='bbox 269 3678 400 3742; x_wconf 85' lang='lat' dir='ltr'><strong>Bareusi</strong></span> <span class='ocrx_word' id='word_1_192' title='bbox 417 3697 493 3738; x_wconf 86' lang='lat' dir='ltr'><strong>usus</strong></span> <span class='ocrx_word' id='word_1_193' title='bbox 509 3690 559 3738; x_wconf 86' lang='lat' dir='ltr'><strong>est</strong></span> <span class='ocrx_word' id='word_1_194' title='bbox 575 3690 684 3739; x_wconf 82' lang='lat' dir='ltr'><strong>contra</strong></span> <span class='ocrx_word' id='word_1_195' title='bbox 700 3676 843 3738; x_wconf 75' lang='lat' dir='ltr'><strong>Graecos.</strong></span> 
     </span>
    </p>
   </div>
   <div class='ocr_carea' id='block_1_3' title="bbox 269 3909 1222 4303">
    <p class='ocr_par' dir='ltr' id='par_1_3' title="bbox 269 3909 1222 4303">
     <span class='ocr_line' id='line_1_30' title="bbox 269 3909 1222 4000; baseline 0.008 -30"><span class='ocrx_word' id='word_1_196' title='bbox 269 3916 348 4000; x_wconf 73' lang='lat' dir='ltr'><strong>Cap.</strong></span> <span class='ocrx_word' id='word_1_197' title='bbox 371 3918 399 3976; x_wconf 81' lang='grc'><strong>8.</strong></span> <span class='ocrx_word' id='word_1_198' title='bbox 434 3909 594 3984; x_wconf 82' lang='lat' dir='ltr'><strong>Quomodo</strong></span> <span class='ocrx_word' id='word_1_199' title='bbox 625 3909 796 3973; x_wconf 75' lang='lat' dir='ltr'><strong>Anselrnns</strong></span> <span class='ocrx_word' id='word_1_200' title='bbox 828 3911 897 3973; x_wconf 82' lang='lat' dir='ltr'><strong>adit</strong></span> <span class='ocrx_word' id='word_1_201' title='bbox 926 3932 1028 3994; x_wconf 64' lang='lat' dir='ltr'><strong>renem</strong></span> <span class='ocrx_word' id='word_1_202' title='bbox 1059 3914 1222 3978; x_wconf 75' lang='lat' dir='ltr'><strong>lumiliter</strong></span> 
     </span>
     <span class='ocr_line' id='line_1_31' title="bbox 309 4012 1219 4101; baseline -0.002 -20"><span class='ocrx_word' id='word_1_203' title='bbox 309 4027 422 4101; x_wconf 80' lang='lat' dir='ltr'><strong>petens</strong></span> <span class='ocrx_word' id='word_1_204' title='bbox 435 4016 566 4078; x_wconf 82' lang='lat' dir='ltr'><strong>Romam</strong></span> <span class='ocrx_word' id='word_1_205' title='bbox 580 4012 683 4076; x_wconf 81' lang='lat' dir='ltr'><strong>redire</strong></span> <span class='ocrx_word' id='word_1_206' title='bbox 695 4035 756 4094; x_wconf 85' lang='lat' dir='ltr'><strong>pro</strong></span> <span class='ocrx_word' id='word_1_207' title='bbox 763 4015 867 4095; x_wconf 79' lang='lat' dir='ltr'><strong>pollio</strong></span> <span class='ocrx_word' id='word_1_208' title='bbox 877 4014 974 4099; x_wconf 74' lang='lat' dir='ltr'><strong>‹ffcii</strong></span> <span class='ocrx_word' id='word_1_209' title='bbox 983 4017 1036 4076; x_wconf 80' lang='lat' dir='ltr'><strong>sui</strong></span> <span class='ocrx_word' id='word_1_210' title='bbox 1044 4018 1219 4079; x_wconf 70' lang='lat' dir='ltr'><strong>coercendi.</strong></span> 
     </span>
     <span class='ocr_line' id='line_1_32' title="bbox 310 4116 1220 4200; baseline -0.009 -17"><span class='ocrx_word' id='word_1_211' title='bbox 310 4121 362 4183; x_wconf 86' lang='lat' dir='ltr'><strong>De</strong></span> <span class='ocrx_word' id='word_1_212' title='bbox 381 4116 627 4200; x_wconf 76' lang='lat' dir='ltr'><strong>perturbatione</strong></span> <span class='ocrx_word' id='word_1_213' title='bbox 649 4125 680 4178; x_wconf 86' lang='lat' dir='ltr'><strong>et</strong></span> <span class='ocrx_word' id='word_1_214' title='bbox 703 4135 802 4176; x_wconf 85' lang='lat' dir='ltr'><strong>causo</strong></span> <span class='ocrx_word' id='word_1_215' title='bbox 826 4118 910 4176; x_wconf 83' lang='lat' dir='ltr'><strong>inter</strong></span> <span class='ocrx_word' id='word_1_216' title='bbox 931 4136 1034 4196; x_wconf 75' lang='lat' dir='ltr'><strong>reqem</strong></span> <span class='ocrx_word' id='word_1_217' title='bbox 1058 4125 1090 4180; x_wconf 85' lang='lat' dir='ltr'><strong>et</strong></span> <span class='ocrx_word' id='word_1_218' title='bbox 1119 4119 1220 4180; x_wconf 75' lang='lat' dir='ltr'><strong>arelli-</strong></span> 
     </span>
     <span class='ocr_line' id='line_1_33' title="bbox 310 4215 855 4303; baseline -0.007 -23"><span class='ocrx_word' id='word_1_219' title='bbox 310 4224 486 4303; x_wconf 74' lang='lat' dir='ltr'><strong>opiscopum</strong></span> <span class='ocrx_word' id='word_1_220' title='bbox 503 4227 532 4281; x_wconf 83' lang='lat' dir='ltr'><strong>et</strong></span> <span class='ocrx_word' id='word_1_221' title='bbox 548 4219 705 4298; x_wconf 79' lang='lat' dir='ltr'><strong>episcopos</strong></span> <span class='ocrx_word' id='word_1_222' title='bbox 719 4215 855 4295; x_wconf 71' lang='lat' dir='ltr'><strong>Anqlim.</strong></span> 
     </span>
    </p>
   </div>
   <div class='ocr_carea' id='block_1_4' title="bbox 267 4386 1219 4569">
    <p class='ocr_par' dir='ltr' id='par_1_4' title="bbox 267 4386 1219 4569">
     <span class='ocr_line' id='line_1_34' title="bbox 312 4386 1219 4468; baseline 0.001 -14"><span class='ocrx_word' id='word_1_223' title='bbox 312 4393 436 4454; x_wconf 78' lang='lat' dir='ltr'><strong>Retron</strong></span> <span class='ocrx_word' id='word_1_224' title='bbox 456 4390 495 4451; x_wconf 88' lang='lat' dir='ltr'><strong>dc</strong></span> <span class='ocrx_word' id='word_1_225' title='bbox 511 4386 728 4453; x_wconf 83' lang='lat' dir='ltr'><strong>transmarinis</strong></span> <span class='ocrx_word' id='word_1_226' title='bbox 745 4387 886 4468; x_wconf 81' lang='lat' dir='ltr'><strong>partibus</strong></span> <span class='ocrx_word' id='word_1_227' title='bbox 902 4387 1086 4451; x_wconf 83' lang='lat' dir='ltr'><strong>redeuntem</strong></span> <span class='ocrx_word' id='word_1_228' title='bbox 1108 4393 1219 4455; x_wconf 85' lang='lat' dir='ltr'><strong>Ansel·</strong></span> 
     </span>
     <span class='ocr_line' id='line_1_35' title="bbox 267 4489 1217 4569; baseline -0.001 -16"><span class='ocrx_word' id='word_1_229' title='bbox 267 4513 338 4554; x_wconf 87' lang='lat' dir='ltr'><strong>mus</strong></span> <span class='ocrx_word' id='word_1_230' title='bbox 354 4490 440 4563; x_wconf 87' lang='lat' dir='ltr'><strong>adiit,</strong></span> <span class='ocrx_word' id='word_1_231' title='bbox 458 4489 617 4551; x_wconf 85' lang='lat' dir='ltr'><strong>humiliter</strong></span> <span class='ocrx_word' id='word_1_232' title='bbox 639 4500 765 4569; x_wconf 79' lang='lat' dir='ltr'><strong>petens,</strong></span> <span class='ocrx_word' id='word_1_233' title='bbox 781 4499 815 4549; x_wconf 89' lang='lat' dir='ltr'><strong>ot</strong></span> <span class='ocrx_word' id='word_1_234' title='bbox 839 4509 893 4569; x_wconf 80' lang='lat' dir='ltr'><strong>pro</strong></span> <span class='ocrx_word' id='word_1_235' title='bbox 915 4491 1104 4552; x_wconf 78' lang='lat' dir='ltr'><strong>necessitate</strong></span> <span class='ocrx_word' id='word_1_236' title='bbox 1120 4492 1217 4555; x_wconf 86' lang='lat' dir='ltr'><strong>officii</strong></span> 
     </span>
    </p>
   </div>
   <div class='ocr_carea' id='block_1_5' title="bbox 0 0 1507 5592">
    <p class='ocr_par' dir='ltr' id='par_1_5' title="bbox 0 0 1507 5592">
     <span class='ocr_line' id='line_1_36' title="bbox 0 0 1507 5592; baseline 0 0"><span class='ocrx_word' id='word_1_237' title='bbox 0 0 1507 5592; x_wconf 95' lang='lat' dir='ltr'><strong> </strong></span> 
     </span>
    </p>
   </div>
  </div>
 </body>
</html>
