2992 5592
453 841 529 888 trra
545 839 659 887 sancrr
675 842 832 886 assatur.
886 808 891 819 ¹
1051 826 1114 885 399

163 1006 195 1058 ct
219 1015 304 1057 more
330 997 549 1061 ecclesiastico
576 996 739 1058 Urbanum
764 1017 878 1079 papam
902 991 989 1056 adire
1015 993 1112 1056 liceat

163 1118 220 1178 pro
235 1097 343 1180 pallio,
359 1100 428 1162 sine
444 1119 508 1181 qno
525 1097 756 1180 plenitudinem
779 1099 875 1162 officii
898 1098 946 1160 sui
961 1116 1112 1159 exercere

162 1218 226 1259 nou
253 1211 385 1280 poterat.
431 1204 474 1262 At
499 1201 551 1262 ille
578 1199 619 1262 ad
649 1201 773 1262 Urbani
804 1221 921 1262 nomen
952 1197 1113 1272 intumuit,

162 1318 306 1361 asserens
322 1300 355 1362 in
372 1322 471 1380 regno
487 1321 546 1361 suo
561 1300 722 1361 neminem
745 1300 814 1362 sinc
836 1301 936 1381 ipsius
956 1299 1112 1362 electione

162 1399 280 1462 debere
311 1402 522 1482 apostolicum
553 1403 729 1463 nominare.
786 1401 964 1482 Praefigitnr
993 1401 1111 1463 archie-

160 1501 298 1584 piscopo
313 1501 382 1563 dies
391 1516 424 1564 et
435 1503 536 1578 locus,
552 1516 587 1565 ut
598 1503 638 1565 de
650 1503 710 1565 hac
725 1501 899 1564 temeritate
911 1500 1113 1584 respondeat.

162 1601 290 1664 Adsunt
315 1615 432 1685 partes,
455 1616 486 1666 et
511 1604 666 1666 voluntati
688 1605 772 1684 regis
794 1623 905 1664 omnes
924 1601 1112 1664 acclamant.

161 1704 328 1785 Praecipue
349 1713 454 1767 tamen
477 1705 620 1789 episcopi
640 1705 778 1787 argutius
794 1704 982 1784 allegabant,
997 1723 1130 1786 papam·

162 1826 228 1867 non
245 1805 465 1886 recipiendum
488 1808 522 1869 in
544 1828 642 1887 regno
666 1806 801 1886 Aegiis,
819 1806 880 1867 nisi
901 1805 985 1885 regis
999 1805 1113 1866 electio

162 1907 390 1988 praecessisset.
435 1909 524 1980 Quos
540 1930 636 1990 quum
659 1908 841 1983 Ansclmns,
855 1907 966 1968 volens
982 1905 1114 1967 reddero

163 2007 283 2071 Caesari
294 2010 600 2090 quaesuntCaesaris,
613 2009 772 2072 etmalens
785 2010 855 2071 Deo
868 2029 964 2092 qnam
979 2006 1113 2069 homini·

164 2111 225 2172 bns
239 2110 382 2187 obedire,
397 2112 560 2174 canonicis
576 2123 607 2174 ct
622 2113 717 2196 plane
739 2112 857 2174 divinis
876 2109 1052 2173 rationibus
1067 2107 1114 2170 in-

161 2209 325 2272 traenasset
332 2234 341 2287 ;
355 2233 418 2273 uno
430 2212 552 2295 impetn
563 2214 724 2275 vociferati
734 2224 808 2275 sunt
820 2235 892 2275 enm
903 2211 1074 2295 deliquisse
1080 2210 1113 2272 in

127 2340 130 2347 ·
162 2311 281 2391 regiam
291 2310 495 2393 majestatem,
504 2314 557 2396 qui
567 2314 722 2376 voluntati
734 2314 803 2396 ejus
814 2334 887 2376 suas
897 2322 1114 2395 praeposuerat

161 2413 260 2492 leges.
300 2414 383 2475 Nam
397 2436 456 2477 uec
474 2415 546 2477 Deo
559 2417 664 2479 miseri
680 2416 853 2500 quicquam
869 2417 928 2477 nisi
947 2437 1019 2497 rege
1036 2435 1113 2476 con-

161 2517 245 2578 sulto
256 2516 595 2581 audebantascribere.
620 2521 632 2581 l
638 2521 723 2598 gitur
738 2519 779 2581 ad
795 2540 890 2580 unam
906 2519 989 2595 regis
1002 2538 1113 2581 rocem

162 2616 293 2700 quidam
309 2619 551 2702 archiepiscopo
568 2642 625 2682 suo
642 2641 769 2681 omnem
786 2618 1001 2680 obedientiam
1017 2621 1113 2681 abne·

161 2729 248 2798 gant,
263 2730 294 2781 et
314 2719 459 2781 fratemre
479 2720 643 2782 societatis
663 2720 924 2781 communionem
946 2718 1115 2801 abjurant3

159 2818 213 2880 alii
224 2839 298 2881 vcro
307 2820 339 2880 iu
350 2818 400 2881 his
409 2841 481 2901 quar
492 2820 677 2900 praeciperet
688 2839 729 2880 ex
740 2829 831 2899 parte
844 2818 965 2880 Urbani
975 2820 1115 2882 Romani

161 2919 335 3002 pontificis.
375 2920 495 2979 Omnes
510 2917 595 2979 enim
611 2929 748 3000 excepto
760 2918 906 2979 Roffcnsi
922 2919 991 2980 solo
1002 2919 1114 2983 obedi·

160 3016 1114 3100 cntiaevinculumsolrunt,ctpraestitaepromissionisfidem.

160 3122 298 3201 Insuper
313 3140 370 3181 rex
386 3119 628 3202 archiepiscopo
644 3130 676 3181 et
686 3119 753 3180 suis
769 3140 896 3180 onmem
913 3120 1114 3183 securitatem

158 3221 315 3293 adimens
329 3221 512 3283 manifestas
528 3221 706 3283 denunitiat
720 3220 916 3296 inimicitias;
932 3221 994 3282 nisi
1010 3243 1043 3284 se
1055 3243 1113 3285 ex·

160 3323 237 3386 inde
258 3324 402 3386 Romano
425 3324 570 3405 pontifici
594 3345 656 3385 uon
673 3323 876 3386 obediturum
897 3323 1027 3406 publice
1043 3345 1115 3407 pro-

163 3426 298 3487 fiteatur.
344 3429 385 3488 At
407 3427 462 3489 illc
484 3448 688 3509 perseverans
711 3423 742 3487 in
775 3426 838 3487 fide
865 3425 1059 3488 conductum
1082 3437 1115 3490 ct

160 3524 334 3589 recedendi
349 3529 510 3590 licentiam
532 3530 612 3609 petit
628 3550 647 3590 a
661 3550 744 3610 rege.
790 3528 936 3592 Tandem
953 3548 1026 3590 vero
1041 3550 1114 3610 pro·

161 3648 268 3689 cerum
289 3628 468 3689 interventu
491 3628 614 3709 aliquot
635 3631 791 3690 mensium
810 3629 958 3692 inducias
977 3630 1113 3704 obtinet,

160 3740 192 3792 ct
207 3728 269 3790 sibi
285 3741 317 3790 ct
333 3728 398 3789 suis
413 3728 537 3789 interim
551 3749 607 3790 rex
622 3750 735 3810 pacem
752 3731 928 3812 pollicetur.
954 3730 1113 3795 Caeterum

159 3852 179 3892 a
201 3828 266 3891 fide
293 3829 438 3911 promissi
467 3829 530 3890 cito
561 3829 724 3905 recedens,
747 3832 951 3895 Baldwinum
978 3832 1074 3916 ejecit
1096 3853 1114 3895 e

161 3952 283 4012 regn03
306 3943 336 3994 et
352 3931 383 3991 io
402 3931 587 3992 hominibus
602 3944 634 3994 ct
650 3932 739 3994 terris
756 3934 821 3995 suis
837 3936 1114 4019 archiepiscopum

162 4032 365 4095 vehementer
376 4031 501 4094 afflixit.
534 4035 660 4096 Interea
670 4032 818 4096 dominns
834 4036 1005 4109 walterus,
1020 4038 1115 4100 Alba-

163 4133 270 4196 nensis
285 4134 469 4217 episcopus,
489 4135 720 4216 archiepiscopi
744 4136 875 4218 pallium
894 4139 1038 4214 afferens,
1059 4138 1114 4200 do·

162 4235 238 4295 mini
255 4236 338 4315 regis
353 4248 385 4297 et
400 4257 492 4319 papae
510 4236 711 4299 concordiam
727 4238 921 4319 procurarit3
945 4239 1114 4323 effecitque

162 4347 197 4397 ut
226 4357 245 4397 a
276 4359 348 4416 rege
380 4339 410 4398 in
441 4341 573 4417 gratiani
605 4341 652 4401 rel
677 4341 784 4422 specie
809 4353 901 4403 tenus
924 4342 1115 4423 reciperetur

161 4438 341 4500 dusclmus.
378 4440 454 4503 Post
472 4441 703 4522 aliquantulum
721 4441 870 4523 temporis
888 4464 984 4524 qrrrun
1001 4465 1057 4507 rex
1074 4444 1114 4509 dc
