2992 5592
264 805 328 862 302
519 808 655 854 Josrtms
670 806 957 854 SARRSBERIBNM

265 966 401 1050 Surgite,
417 973 509 1041 state,
524 982 648 1047 precor,
662 961 772 1023 animo
787 972 935 1045 pugnate
951 956 1058 1022 virilir

348 1068 471 1146 Magna
485 1064 568 1147 perit
583 1062 678 1125 nobis
692 1061 828 1145 praemia
841 1082 957 1144 pugna
970 1059 1083 1124 brevis

263 1171 429 1234 AEtemum
443 1176 567 1251 pereat,
583 1164 639 1249 qui
655 1163 756 1227 ventri
769 1163 893 1226 serviat
908 1164 1015 1238 ultra3

350 1271 400 1334 Sit
412 1269 526 1353 procul
540 1266 668 1331 anobis
682 1264 738 1348 qui
754 1284 813 1327 sua
829 1285 932 1346 regne
945 1264 1040 1327 feret.

264 1370 316 1433 Sit
329 1370 398 1433 sine
415 1368 480 1431 fine
494 1367 596 1443 labor,
611 1364 652 1428 sit
666 1361 868 1444 naufragium
884 1363 958 1426 sine
972 1371 1082 1446 portu,

353 1470 533 1534 Continuus
547 1466 589 1530 sit
603 1465 634 1529 ei
648 1474 890 1548 perpetuusque
904 1464 1030 1526 labor.”

267 1572 333 1635 His
348 1571 452 1635 socios
466 1569 586 1633 animat
599 1566 703 1630 verbis
719 1565 873 1630 facundia
887 1565 1023 1647 linguas,

354 1673 400 1737 Et
413 1663 521 1734 mevet
535 1681 568 1733 et
581 1668 697 1745 munit,
711 1675 744 1729 et
759 1665 855 1730 docet
870 1686 945 1728 esse
962 1666 1063 1728 viros.

268 1774 358 1854 Ergo
373 1773 467 1836 simul
477 1771 608 1855 junctos
622 1766 821 1834 cnnioederat
834 1787 903 1829 una
919 1767 1085 1842 voluntas,

355 1873 597 1956 Adstringitque
612 1870 683 1949 sibi,
700 1889 781 1953 quos
796 1869 885 1949 legat
900 1889 987 1932 unus
1002 1888 1104 1931 amor.

271 1974 424 2039 indicunt
437 1973 549 2036 Ventri
564 1973 693 2047 bellum,
703 1970 877 2054 jurantque
894 1969 987 2054 quod
1002 1968 1077 2052 ejus

356 2075 496 2139 Vincula
509 2073 697 2150 dissolvent,
710 2070 953 2154 discutientque
963 2071 1095 2154 jugum

270 2175 325 2238 sie
341 2186 485 2239 statuunt
498 2186 531 2237 et
545 2175 593 2236 sic
610 2173 815 2249 confirmant,
828 2170 952 2235 foedero
968 2173 1059 2236 facto

355 2276 507 2337 Ventrem
523 2273 714 2351 destituunt,
727 2295 788 2336 nec
803 2272 1001 2337 famulantur
1015 2275 1057 2337 ei.

267 2375 341 2438 Jam
356 2392 425 2456 pes,
441 2370 560 2455 lingua,
572 2394 697 2452 manus,
708 2385 742 2437 et
757 2383 874 2440 eaetera
888 2377 1037 2438 membra
1048 2377 1234 2460 quiescunt,

355 2475 418 2537 Pes
432 2486 529 2555 negat
543 2475 600 2552 ire,
614 2474 706 2556 loqui
721 2475 843 2555 lingua,
851 2475 969 2558 juvare
984 2497 1117 2540 manns.

270 2571 377 2635 Prima
391 2572 462 2636 dies
475 2573 540 2636 illis
554 2573 727 2656 tranquillo
742 2573 868 2636 tramite
883 2575 994 2654 currit,

355 2674 427 2738 Nee
443 2675 614 2760 quicquam
628 2676 736 2758 posuit
749 2674 816 2748 ille,
832 2695 892 2738 nec
907 2675 1107 2742 illuserunt.

203 2812 209 2825 ·
269 2776 379 2839 Altera
386 2773 536 2857 jejunum
550 2775 657 2838 nescit
670 2794 875 2856 compescere
891 2786 1051 2855 ventrem,

357 2877 605 2961 Latrantemque
618 2876 724 2957 gulam
739 2874 910 2957 pacificare
925 2880 1051 2961 nequit

271 2976 382 3040 Tertia
395 2987 604 3061 consumptos
618 2975 720 3039 macie
736 2977 791 3038 vix
806 2977 944 3039 sustinet
959 2988 1061 3059 artus,

359 3077 508 3158 Namque
523 3076 664 3158 maligna
678 3073 774 3137 nimis
787 3084 880 3154 urget
895 3076 1019 3160 ubique
1035 3079 1153 3145 fames

273 3176 336 3240 Pes
352 3187 464 3260 torpet,
481 3198 594 3240 manus
609 3184 752 3258 aegrotat,
767 3177 899 3256 languet
914 3189 1028 3260 caput,
1045 3202 1106 3245 ora

358 3276 495 3355 Palleat,
510 3277 671 3361 suspirant
685 3286 827 3361 pectora,
842 3276 954 3358 lingua
970 3290 1073 3345 tacet.

272 3373 392 3439 Omnia
405 3378 571 3440 nubantur
583 3379 617 3440 in
633 3397 776 3461 corpore,
792 3377 899 3440 nullus
913 3379 946 3440 in
962 3380 1022 3444 illo

358 3477 421 3539 Est
435 3476 533 3556 vigor,
549 3499 634 3559 aeger
646 3479 693 3541 ibi
707 3479 822 3556 luctus,
836 3479 956 3561 ubique
972 3480 1077 3545 dolor.

272 3578 396 3641 Rursus
410 3589 484 3662 post
497 3580 612 3661 longos
627 3579 764 3663 gemitus
778 3582 949 3644 conamine
964 3585 1081 3658 multo,
1155 3623 1163 3636 κ

357 3678 425 3739 Vix
439 3677 499 3740 hos
513 3680 653 3744 balbutit
665 3678 819 3761 languida
833 3681 941 3762 lingua
955 3702 1073 3749 sonos:

271 3775 292 3808 “
303 3773 390 3846 Quid
399 3772 553 3837 facimus?
576 3777 633 3838 Nil
641 3777 840 3859 proficimus,
849 3779 952 3861 magis
963 3792 996 3842 et
1006 3785 1115 3864 magis
1126 3807 1248 3853 omnes

360 3873 551 3948 Definimus,
566 3878 752 3958 premimur,
767 3879 1023 3964 conficimurque
1039 3883 1140 3948 fame.
1159 3900 1168 3915 ·

273 3978 301 4038 Α
318 3974 435 4039 ventris
449 3975 537 4038 rabie
552 3977 640 4040 venit
654 3977 723 4041 hoee
740 3979 858 4062 injuria
872 3981 979 4054 nobis,

359 4077 435 4139 Hoc
450 4076 518 4160 ejus
533 4078 626 4141 nobis
641 4080 773 4161 parturit
786 4081 833 4141 ira
848 4082 977 4143 malum.

273 4175 383 4241 Sentio
397 4177 516 4258 grande
531 4179 661 4254 malum,
677 4178 734 4242 sed
749 4199 847 4242 causa
862 4181 935 4243 mali
950 4181 1030 4244 mibi
1046 4186 1181 4254 clausa:

360 4277 456 4348 Quod
471 4288 576 4351 nocet,
591 4297 671 4340 eece
686 4287 795 4359 patet3
818 4300 876 4341 eur
890 4293 996 4356 nocet,
1013 4303 1096 4348 ansa
1111 4288 1207 4355 latet.

273 4373 369 4434 Nunc
385 4375 494 4453 igitur,
509 4378 643 4450 Fratres,
658 4377 750 4440 robis
765 4381 991 4460 presentibus,
1006 4383 1118 4466 ipsum
