2992 5592
513 812 591 857 vrrs
607 812 725 858 saucrr
740 813 868 858 vanua
885 815 983 859 carr.
1161 803 1226 863 379

266 963 358 1041 turis,
372 964 544 1028 insatiabili
559 966 691 1029 avaritia
706 977 738 1028 et
753 966 914 1050 stupendo
930 987 1009 1030 ausu
1025 966 1226 1050 diripientes,

267 1086 317 1141 ea,
343 1073 380 1127 ut
401 1065 505 1138 libuit,
531 1065 614 1128 inter
639 1087 673 1128 se
703 1061 890 1144 diviserunt,
915 1068 1088 1131 imitatores
1115 1089 1224 1132 eornm

268 1166 363 1239 facti,
383 1166 439 1249 qui
467 1167 548 1230 inter
576 1188 610 1230 se
641 1166 760 1230 Christi
791 1168 979 1231 vestimenta
1008 1169 1115 1251 partiti
1142 1181 1226 1246 sunt,

269 1267 347 1331 licet
368 1288 424 1330 eos
444 1266 681 1350 quodammodo
701 1267 930 1350 precedebant
949 1269 982 1330 in
1006 1271 1136 1333 scelere.
1180 1272 1226 1336 Et

272 1379 308 1430 ut
328 1363 486 1450 pontifici,
507 1364 575 1448 jam
591 1389 649 1451 per
663 1368 850 1450 martyrium
875 1377 1038 1447 coronato,
1060 1369 1225 1434 bominum

271 1468 371 1550 graua
383 1469 564 1545 auferretur,
580 1470 686 1531 omnia
702 1469 828 1553 scripta,
843 1491 914 1553 quae
930 1471 1101 1551 sacrilegus
1115 1471 1226 1552 praedo

271 1571 432 1654 surripuit,
447 1569 488 1633 ad
503 1591 611 1652 regem
633 1571 666 1632 in
684 1569 913 1634 Normanniam
936 1573 1122 1635 transmissa
1142 1584 1225 1636 sunt.

274 1670 335 1733 Sed
352 1682 433 1734 nutu
453 1669 561 1732 divino
581 1671 714 1750 contigit
734 1669 820 1754 quod
842 1685 962 1754 quanto
982 1673 1082 1753 magis
1097 1672 1227 1735 athletae

272 1771 435 1835 fortissimi
450 1771 581 1851 gloriam
597 1771 765 1833 obfuscare
786 1769 948 1833 nitebatur
967 1772 1107 1835 humana
1125 1781 1225 1834 teme·

272 1873 359 1947 ritas,
379 1884 468 1935 tanto
491 1872 628 1955 amplius
647 1893 716 1934 eam
741 1872 902 1935 Dominus
923 1871 1101 1936 illustrabat
1120 1873 1154 1937 in
1174 1894 1226 1936 os·

272 1974 416 2037 tensione
442 1974 564 2036 virtutis
586 1983 618 2035 et
641 1973 865 2036 miraculorum
889 1974 1064 2038 manifestis
1085 1973 1226 2038 indiciis.

274 2074 370 2149 Quod
399 2075 457 2137 viri
483 2073 573 2156 impii
599 2073 753 2156 quicum
778 2074 999 2139 insatiabiliter
1022 2074 1155 2137 oderant
1178 2075 1228 2138 in·

272 2186 408 2251 tuentes,
430 2175 638 2238 inhibuerunt
660 2174 790 2238 nomine
818 2176 958 2257 publicae
984 2176 1162 2259 potestatis,
1184 2197 1227 2239 ne

273 2277 428 2341 miracula
453 2297 525 2359 quae
552 2270 672 2337 fiebant
701 2275 871 2359 qnisquam
899 2277 1030 2359 publice
1060 2277 1227 2359 publicare

274 2389 487 2459 praesumeret.
532 2375 690 2440 Caeterum
712 2378 785 2460 quis
805 2379 918 2441 frustra
937 2380 1125 2442 obnubilare
1145 2379 1231 2443 desi·

275 2477 374 2553 derat,
391 2478 479 2562 quod
496 2480 586 2540 Deus
602 2478 776 2541 clarificare
792 2479 943 2562 disponit.
990 2479 1040 2542 Eo
1055 2484 1141 2543 enim
1164 2504 1229 2544 am·

275 2581 360 2662 plius
385 2580 594 2663 percrebuere
621 2579 783 2653 miracula,
810 2600 873 2661 quo
904 2579 1094 2643 videbantur
1122 2582 1231 2664 impiis

276 2679 448 2742 studiosius
468 2676 669 2740 occultanda.
717 2680 827 2739 Homo
848 2678 989 2739 videtin
1012 2680 1112 2742 facie:
1142 2683 1230 2744 solus

276 2780 367 2843 Deus
382 2790 431 2842 est
450 2778 504 2862 qni
524 2797 617 2839 renes
637 2788 670 2839 et
692 2778 790 2839 corda
810 2787 977 2839 scrutatur.
1023 2781 1108 2842 Nam
1130 2802 1229 2862 quum

275 2877 360 2943 beati
381 2879 525 2961 martyris
545 2898 662 2960 corpus
684 2879 854 2961 sepulturae
875 2877 1064 2942 tradendum
1079 2893 1175 2954 esset,
1198 2895 1231 2946 et

278 2981 317 3045 de
339 3002 427 3044 more
449 2975 689 3062 pontificalibus
709 2978 912 3042 indueretur:
945 2981 1034 3063 quod
1056 2981 1229 3045 admodum

276 3082 371 3167 pauci
394 3079 565 3145 familiares
587 3082 655 3165 ejus
677 3092 839 3157 noverant,
862 3080 1028 3144 inventum
1050 3094 1099 3144 cst
1123 3083 1231 3146 cilicio

277 3182 468 3267 pedunculis
490 3197 521 3244 et
543 3183 703 3245 vermibus
725 3183 840 3245 referto
866 3182 1063 3244 involutum:
1095 3183 1230 3267 ipsaque

277 3282 439 3345 femoralia
464 3277 533 3361 ejus
558 3281 706 3345 interiora
733 3302 833 3364 usque
861 3280 901 3344 ad
929 3281 1067 3364 poplites
1092 3283 1232 3360 cilicina,

278 3382 365 3467 quod
384 3394 477 3446 antea
496 3382 583 3465 apud
603 3394 759 3444 nostrates
781 3383 882 3445 fuerat
900 3382 1090 3456 inauditum,
1106 3397 1233 3468 reperta

278 3495 361 3547 sunt.

321 3584 402 3655 Quis
430 3584 545 3646 referat
573 3602 654 3665 quos
683 3583 830 3663 gemitus,
862 3595 1000 3664 quantos
1030 3581 1231 3649 lacrimarum

278 3686 396 3748 imbres
410 3695 593 3747 sanctorum
609 3694 710 3745 coetus
725 3683 779 3766 qui
795 3682 905 3745 adorat
921 3684 951 3745 in
968 3681 1163 3751 revelatione
1184 3688 1232 3752 sic

279 3786 474 3850 adumbrata
490 3786 653 3867 religionis
669 3783 828 3847 emiserit?
874 3785 919 3846 Et
935 3787 1007 3869 quis
1022 3788 1109 3869 quod
1126 3789 1233 3871 sequi·

279 3899 329 3949 tur
343 3887 413 3949 sine
428 3887 566 3949 lacrimis
582 3886 695 3948 referre
710 3887 827 3968 poterit
840 3888 890 3948 vel
907 3888 1037 3951 audire?
1083 3890 1233 3952 Ecclesia

279 3986 411 4071 quidem
434 4009 505 4071 quae
527 4008 617 4049 sacro
640 4008 753 4066 cruore
778 3988 893 4051 violata
915 3990 1028 4063 fuerat,
1051 3990 1098 4050 vel
1125 3991 1233 4071 potius

280 4101 473 4164 consecrata,
489 4109 522 4150 se
544 4109 607 4149 non
630 4100 694 4149 tam
719 4089 788 4149 sine
804 4089 1003 4150 haesitatione
1025 4101 1057 4151 et
1077 4088 1230 4153 delibera·

279 4190 365 4252 tione
388 4190 487 4251 multa
509 4201 637 4270 propter
660 4198 778 4250 metum
802 4188 970 4270 impiorum
994 4188 1035 4251 ad
1058 4200 1234 4272 protestan-

279 4288 353 4352 dam
378 4289 528 4371 injuriam
555 4289 630 4366 Dei,
656 4288 849 4368 suspendere
875 4309 951 4350 ausa
978 4301 1027 4352 est
1053 4312 1073 4353 a
1095 4290 1231 4356 divinis:

278 4388 333 4451 sed
360 4402 467 4453 tantus
495 4404 594 4452 tcrrnr
619 4410 659 4450 ex
687 4388 786 4469 siguis
812 4389 997 4470 patentibus
1022 4393 1233 4473 provinciales
