2992 5592
411 798 470 856 106
671 809 1105 854 rouuursssunsumusus1s
1228 792 1313 872 [mu.
1328 813 1361 859 11.

410 959 498 1049 quod
519 960 550 1024 in
574 983 618 1038 se,
634 959 689 1025 sed
712 960 802 1047 quod
825 958 928 1025 multa
943 959 1030 1024 vivat
1052 982 1205 1046 expressa
1226 962 1361 1048 plurium

404 1060 637 1137 conformitate,
659 1060 794 1125 articulo
817 1060 968 1147 prasenti
990 1083 1053 1124 non
1077 1061 1255 1147 derogant:
1286 1063 1361 1128 illud

404 1165 487 1230 euim
503 1186 561 1228 nec
576 1162 683 1227 statim
700 1185 758 1226 nec
774 1166 850 1228 satis
865 1185 966 1227 unum
982 1175 1042 1240 est,
1055 1176 1113 1229 aut
1128 1163 1245 1250 utique
1261 1165 1364 1250 singu·

404 1269 471 1333 lare
498 1276 555 1332 est.
600 1265 847 1343 Quantumlibet
874 1265 1050 1330 conformia
1074 1265 1138 1331 siut
1164 1290 1265 1353 opera
1294 1268 1363 1345 Dei,

404 1372 512 1435 omnia
527 1368 702 1455 singularia
713 1382 789 1435 sunt
801 1368 1004 1456 vicissimque
1015 1368 1163 1449 discreta,
1174 1371 1231 1434 illo
1244 1374 1291 1434 sic
1304 1373 1365 1435 dia·

400 1480 551 1557 ponente,
563 1474 621 1555 qui
634 1473 741 1535 omnio
759 1473 880 1534 meavit
901 1474 939 1534 in
960 1490 1105 1546 numero,
1121 1471 1167 1533 ad
1187 1474 1363 1537 distinctio

404 1597 489 1656 nem,
509 1582 540 1640 et
558 1575 710 1658 pondme,
726 1573 771 1635 ad
787 1575 916 1655 generis
936 1573 1139 1656 niquitatem,
1162 1588 1196 1637 et
1218 1595 1362 1637 mensura

404 1677 446 1742 ad
461 1676 593 1741 modum
613 1675 805 1762 quantitatis
819 1687 927 1748 certae,
942 1671 1099 1738 infinitam
1115 1674 1177 1739 sibi
1197 1697 1360 1740 reservam

404 1781 436 1844 in
451 1781 601 1845 omnibus
615 1779 848 1843 auctoritatem.
895 1779 1021 1843 Cretera
1043 1777 1127 1841 euim
1143 1779 1254 1843 omnia
1275 1777 1360 1844 linita

404 1895 491 1947 suut.
537 1880 648 1945 Omnis
674 1902 812 1965 namque
838 1879 1028 1959 substantia,
1051 1879 1266 1947 accidentium
1293 1882 1360 1968 plo·

404 1983 541 2059 rulitate,
564 2002 698 2045 numero
724 1979 844 2045 subest.
891 1978 1046 2046 Accidens
1067 1996 1176 2047 autem
1202 2006 1308 2061 omne,
1329 1998 1361 2049 et

404 2083 505 2150 forma
517 2081 680 2169 quaelibet,
692 2081 803 2146 itidem
816 2105 949 2147 numero
961 2084 1119 2171 subjacet:
1141 2085 1270 2150 sednon
1282 2086 1360 2150 acci-

402 2184 547 2249 dentium
557 2195 614 2247 aut
623 2183 798 2248 formarum
811 2183 1066 2272 participatione,
1076 2185 1130 2250 sed
1141 2185 1358 2272 singularitate

402 2284 549 2370 subjecti.
597 2284 706 2351 Habet
721 2283 831 2348 itidem
851 2290 984 2369 pondua
997 2308 1104 2363 mum,
1121 2286 1172 2352 vel
1194 2310 1257 2374 pro
1270 2311 1360 2354 reue·

401 2387 523 2453 ratione
537 2388 660 2467 forma,
675 2388 701 2451 si
722 2387 903 2453 substantia
917 2401 977 2470 est,
991 2389 1040 2452 vel
1064 2410 1123 2476 pro
1136 2389 1298 2476 dignitate
1311 2392 1354 2457 ef·

401 2491 515 2572 sectus,
540 2492 567 2555 si
594 2491 635 2555 sit
661 2488 773 2557 forma.
819 2491 907 2555 Hinc
931 2505 991 2572 est,
1016 2493 1103 2578 quod
1130 2494 1304 2576 hominem,
1325 2496 1355 2560 in

402 2592 598 2671 substantiis,
613 2615 654 2657 ex
671 2592 783 2658 formae
805 2594 992 2668 reverentia,
1008 2595 1112 2660 brutis
1131 2597 1353 2682 praeferimus3

402 2696 551 2782 quoniam
568 2695 730 2760 rationalis
744 2708 809 2760 est:
834 2709 866 2760 et
881 2693 1125 2761 rationalitatem
1140 2701 1356 2786 praeponimus

402 2798 512 2879 colori,
526 2822 564 2862 eo
584 2797 670 2885 quod
693 2798 773 2863 fucit
796 2798 958 2864 rationale.
1003 2801 1168 2864 Mensura
1183 2824 1261 2867 vero
1274 2802 1306 2867 in
1320 2826 1356 2867 eo

401 2902 557 2982 consistit,
569 2900 655 2988 quod
669 2923 718 2964 res
729 2902 832 2965 omnis
842 2915 929 2966 certa
945 2903 1133 2988 quantitatis
1147 2902 1220 2990 lege
1231 2906 1353 2972 finitur:

401 3017 438 3070 ut
453 3028 510 3069 nec
524 3003 670 3068 accidens
691 3002 756 3067 sive
778 3003 892 3079 forma,
909 3026 974 3068 rem
997 3003 1195 3091 subjectam
1227 3029 1287 3072 nec
1308 3031 1356 3073 res

401 3109 555 3194 subjectu,
566 3106 751 3184 accidentis,
760 3121 816 3172 aut
828 3107 940 3171 sormae
952 3105 1081 3172 modum
1093 3108 1241 3176 excedat.
1275 3111 1354 3175 Nam

400 3222 433 3275 et
448 3215 535 3276 color
553 3210 584 3273 in
601 3223 669 3274 toto
691 3206 884 3273 diffunditur
906 3231 1048 3295 corpore,
1064 3209 1200 3297 ejusque
1223 3216 1355 3279 termino

401 3308 571 3374 limitatur:
592 3323 624 3374 et
636 3332 752 3396 corpus
761 3310 801 3373 ad
812 3308 926 3374 coloris
937 3308 1118 3395 disponitur
1129 3314 1355 3396 quantitatem,

400 3431 458 3472 uec
483 3408 620 3486 excedit,
644 3433 702 3474 uec
731 3409 815 3475 inira
837 3412 991 3477 subsistit.
1047 3410 1099 3476 Sic
1128 3428 1161 3478 et
1185 3414 1354 3500 quodlibet

399 3508 554 3584 accidens,
571 3512 608 3573 in
623 3518 686 3574 toto
705 3511 755 3574 sui
778 3512 922 3598 subjecto
943 3526 991 3578 est
1014 3512 1167 3594 totaliter,
1181 3518 1239 3580 aad
1259 3521 1355 3582 totius

398 3608 586 3697 partialiter,
607 3613 637 3674 ei
662 3632 724 3694 pro
745 3624 852 3695 porte.
907 3613 950 3680 Et
977 3613 1145 3701 quodlibet
1173 3618 1352 3704 subjectum

398 3710 570 3776 accidentis
600 3711 649 3776 sui
680 3712 835 3778 limitibus
860 3726 1057 3802 coaequatur.
1103 3718 1177 3782 Hoc
1203 3719 1289 3785 idem
1313 3719 1352 3784 de

397 3810 582 3898 generibus,
596 3826 629 3877 et
645 3814 811 3900 speciebus
832 3818 1001 3902 protestari
1024 3839 1087 3882 nou
1103 3841 1225 3886 vereor.
1271 3820 1351 3900 Quin

396 3913 518 3980 mundo
539 3915 730 3983 reclamante
753 3918 869 3997 dicam,
884 3925 1038 4003 quoniam
1059 3946 1081 3986 a
1102 3925 1174 3987 Deo
1190 3933 1283 4001 aunt
1297 3937 1352 3990 aut

395 4018 524 4083 omniuo
553 4018 632 4082 nihil
663 4034 747 4087 sunt.
798 4022 924 4087 Clamat
954 4044 1078 4086 mecum
1109 4036 1142 4089 et
1172 4026 1351 4110 Dionysiae

396 4124 604 4208 Areopagito,
627 4136 659 4188 et
682 4147 862 4198 numerum,
878 4147 944 4211 quo
966 4124 1205 4208 discernuntur,
1228 4128 1352 4215 pondus

395 4248 463 4312 quo
485 4239 684 4304 statuuntur,
707 4250 899 4300 mensuram,
921 4249 986 4311 qua
1007 4226 1214 4294 diffiniuntur
1235 4229 1350 4305 omnia,

396 4329 458 4393 Dei
479 4329 556 4395 dicit
578 4329 761 4415 imaginem.
806 4329 973 4412 Siquidem
997 4333 1099 4406 Deru,
1114 4334 1187 4396 sina
1208 4353 1352 4410 numero,

395 4450 551 4496 nummus
572 4441 627 4508 ert,
649 4434 779 4516 poudtu
800 4435 871 4497 sinc
888 4433 1040 4515 pondera
1062 4434 1134 4498 sinc
1159 4440 1353 4516 wntitntc,
