2992 5592
272 781 402 860 cana]
638 801 880 849 urrxnoorcus.
1187 795 1228 852 29

272 951 409 1036 ponitur,
425 951 674 1037 comparationis
688 952 809 1037 grados
828 965 1024 1017 excrescunt.
1070 955 1229 1031 Quemad-

270 1053 397 1116 modum
410 1051 443 1116 in
456 1076 506 1129 eo,
517 1053 576 1139 qui
588 1053 724 1118 disertus
739 1054 868 1132 dicitur,
881 1069 938 1120 aut
952 1053 1109 1133 disertior,
1125 1081 1227 1142 quum

269 1153 425 1239 positivus
437 1155 603 1236 sapientiae
612 1177 736 1218 sensum
748 1155 874 1235 habeat,
883 1170 915 1220 et
925 1156 1114 1244 eloquentiae
1126 1180 1227 1243 quan·

269 1273 333 1319 tum
350 1255 507 1320 excrescit
522 1258 727 1342 comparatio,
748 1271 872 1322 tanturn
894 1258 1044 1323 decrescit
1063 1260 1227 1345 sapientia,

269 1371 300 1421 et
327 1357 451 1444 eloquii
482 1356 602 1421 fluvius
630 1358 805 1424 invalescit.
860 1359 917 1425 Sic'
947 1360 1030 1425 enim
1065 1360 1227 1425 nonnullis

270 1459 483 1544 grammaticis
498 1460 631 1545 placuit.
669 1461 734 1526 Sed
750 1459 824 1528 licet
840 1463 958 1548 aliquae
973 1466 1090 1528 artium
1106 1463 1227 1527 contin·

269 1561 425 1646 gentium,
458 1574 491 1626 et
522 1560 703 1626 docentium
736 1565 899 1640 virtutem,
931 1563 1049 1650 eloquii
1081 1576 1227 1629 naturam

268 1662 438 1748 attingant,
454 1661 509 1725 illa
524 1675 628 1727 tamen
652 1686 726 1748 quae
740 1663 781 1726 ad
798 1663 950 1749 placitum
973 1662 1038 1727 fere
1059 1676 1119 1739 eat,
1135 1679 1228 1729 natu·

269 1764 376 1829 raliter
398 1764 472 1828 sciri
492 1784 554 1828 non
568 1748 690 1850 potest,
712 1764 791 1850 quia
810 1787 867 1829 nec
889 1765 1044 1830 naturalis
1066 1776 1134 1829 est:
1166 1789 1227 1832 nou

269 1881 315 1932 est
335 1868 420 1931 enirn
443 1866 554 1930 eadem
576 1867 663 1953 apud
685 1888 803 1930 omnes.
848 1865 1004 1944 Quocirca
1023 1866 1057 1930 id
1072 1866 1160 1952 quod
1180 1881 1228 1933 est

271 1970 388 2034 homini
404 1972 568 2056 praecipue
590 1969 746 2046 debitum,
762 1968 984 2054 imprudenter
1007 1970 1073 2034 sine
1089 1969 1227 2034 hominis

271 2071 420 2136 beneficio
441 2085 590 2136 amatura
611 2071 770 2158 exigitur:
799 2082 832 2136 at
847 2070 916 2135 haec
936 2071 1062 2148 domua
1079 2094 1140 2136 non
1163 2073 1228 2136 elo-

268 2173 431 2259 quentiam
448 2172 645 2250 criminatur,
661 2196 736 2259 quae
758 2174 908 2239 omuibus
921 2174 1094 2237 necessaria
1117 2188 1177 2250 est,
1193 2187 1225 2238 et

269 2275 511 2341 commendatur
522 2275 562 2339 ab
577 2276 737 2353 omnibus,
750 2276 805 2342 sed
821 2289 905 2340 artes
916 2300 983 2340 eam
999 2276 1227 2362 pollicentium,

270 2379 377 2464 arguit
400 2400 467 2443 esse
490 2377 627 2444 inutiles.
673 2382 724 2443 Eo
747 2378 856 2465 itaque
878 2379 1034 2465 opinionis
1055 2379 1155 2466 vergit
1179 2379 1227 2442 in·

269 2483 378 2554 tentio,
405 2495 442 2546 ut
470 2503 532 2544 non
560 2504 668 2546 omues
695 2496 801 2547 mutos
826 2482 934 2560 faciat,
958 2483 1045 2569 quod
1073 2507 1129 2548 nec
1156 2482 1225 2546 fieri

269 2597 383 2669 potest,
405 2606 463 2647 nec
486 2583 626 2669 expedit,
650 2585 704 2649 sed
729 2598 765 2649 ut
783 2585 824 2650 de
843 2585 947 2649 medio
966 2586 1100 2671 logicam
1123 2585 1224 2650 tollat.

270 2687 328 2751 Est
337 2687 422 2750 eninr
435 2685 544 2762 fallax,
557 2698 589 2750 et
601 2701 638 2752 ut
652 2687 697 2752 ait
709 2688 862 2774 professio
878 2687 1095 2762 verbosorum,
1107 2699 1139 2752 et
1151 2709 1225 2771 quae

268 2788 444 2852 multorum
464 2789 659 2874 consumpsit
680 2789 818 2873 ingenia,
834 2803 865 2855 et
887 2812 948 2854 uon
971 2788 1066 2853 modo
1085 2786 1225 2876 philoso-

268 2892 351 2977 phiae
378 2889 494 2956 studiis
517 2889 679 2977 praeclusit
704 2895 798 2975 viam,
822 2893 875 2959 sed
902 2894 1050 2980 gerendis
1075 2893 1225 2958 omnibus

269 2996 436 3072 rationem,
451 3007 484 3059 et
499 2992 619 3058 exitum
635 2994 823 3062 interclusit.

274 3161 352 3245 Cap.
370 3164 419 3224 lo.
443 3163 529 3237 Quid
541 3165 701 3247 er'gnr‘ficet
717 3183 833 3226 nomen
847 3165 969 3243 logica,
984 3169 1013 3224 et
1027 3162 1113 3243 quod
1126 3179 1227 3225 omnes

439 3273 523 3329 ortes
535 3267 687 3338 colendae,
704 3267 771 3329 niet
785 3265 963 3347 reprobatae
976 3267 1051 3328 rint.

315 3401 408 3465 Ecca
436 3401 591 3487 propositi
621 3399 747 3487 planior
775 3408 824 3462 est
856 3397 1002 3478 intentio,
1030 3412 1063 3462 et
1092 3396 1224 3482 logicam

271 3502 456 3588 aggreditur
466 3524 665 3589 expugnare,
677 3524 752 3588 quae
762 3499 863 3565 omnis
874 3499 1085 3588 philosophiae
1099 3500 1225 3565 semitas

269 3603 335 3689 pari
350 3603 459 3673 furore
473 3604 687 3692 persequitur.
731 3606 960 3667 Verumtamen
976 3601 1017 3669 ab
1032 3601 1140 3689 aliqua
1155 3601 1225 3666 fue·

269 3717 316 3768 rat
333 3702 559 3770 inchoandum.
606 3703 699 3767 Illam
719 3702 828 3791 itaque
843 3701 987 3790 praeferri
1005 3702 1137 3790 placuit,
1152 3725 1225 3788 quae

268 3806 388 3871 ceteris
410 3807 525 3882 notior,
548 3818 580 3869 et
603 3805 678 3869 huic
700 3804 812 3868 haeresi
837 3805 1022 3871 familiarior
1044 3803 1222 3870 ridebatur.

268 3907 523 3993 congrediamur
536 3928 625 3990 ergo,
636 3918 668 3970 et
683 3905 764 3992 quid
780 3919 946 3970 censeatur
960 3907 1087 3968 nomine
1101 3905 1224 3990 logicae,

265 4009 449 4094 proferatur
463 4009 496 4073 in
511 4008 663 4075 medium.
700 4010 762 4073 Est
776 4008 885 4095 itaque
898 4008 1012 4093 logica,
1026 4008 1073 4086 (ut
1090 4006 1224 4071 nominis

265 4111 456 4195 significatio
472 4109 624 4174 latissime
646 4109 769 4196 pateat)
793 4109 960 4196 loquendi,
977 4108 1027 4172 vel
1050 4106 1224 4172 disserendi

266 4212 356 4277 ratio.
403 4211 617 4275 contrahitur
631 4211 713 4274 enim
730 4210 905 4288 interdum,
921 4223 953 4274 et
968 4209 1126 4272 duntaxat
1142 4206 1224 4269 circa

246 4300 251 4309 ⁸
266 4312 441 4380 disserendi
457 4313 606 4392 rationes,
622 4312 668 4376 vis
688 4310 826 4377 nominis
843 4319 1031 4377 coarctatur.
1079 4306 1151 4369 Sive
1166 4305 1224 4370 ita·

262 4438 327 4501 que
347 4411 561 4481 ratiocinandi
577 4412 642 4477 vias
660 4412 783 4494 doceat,
798 4413 863 4477 sive
884 4408 1027 4475 omnium
1046 4428 1224 4473 sermonum
