2992 5592
271 795 331 856 ita
532 809 668 852 mimis
685 806 961 850 ssaasaamassrs
1085 787 1168 868 [ara.
1186 807 1220 852 rr.

271 962 372 1026 literm
387 959 536 1035 arbitror,
552 960 607 1023 aed
627 959 846 1031 amicandum,
868 957 962 1042 eique
976 980 1045 1021 mos
1061 956 1222 1042 gerendus

270 1077 328 1140 est,
350 1063 380 1125 in
399 1060 597 1126 admittenda
619 1059 780 1125 licentoris
795 1060 883 1124 verbi
908 1058 1143 1125 indifferentia:
1167 1081 1222 1123 nec

270 1165 309 1228 ad
326 1186 449 1229 omnem
469 1161 717 1238 translationem,
734 1176 790 1226 aut
815 1161 1053 1247 usurpationem
1072 1161 1223 1248 dyscolae,

270 1279 307 1331 ut
321 1266 467 1340 creditur,
491 1264 650 1342 dictionis,
671 1264 833 1340 lectorem,
857 1263 905 1328 vel
929 1264 1110 1327 auditorem
1134 1262 1222 1329 decet

267 1369 394 1432 dentem
407 1390 551 1431 exercere
566 1366 725 1429 caninum.
773 1368 866 1441 Quod
881 1367 1056 1450 malasar,
1072 1388 1222 1440 assuesce,

259 1476 364 1556 feres.
399 1474 443 1535 Et
457 1470 549 1556 plane
560 1470 705 1553 ingratus
716 1482 775 1543 est,
788 1482 819 1532 et
831 1482 894 1532 tam
907 1468 1115 1554 impudentis,
1129 1492 1222 1556 quam

269 1571 481 1658 imprudentis
496 1571 624 1657 ingenii,
640 1571 697 1657 qui
713 1570 753 1634 ad
775 1573 891 1644 omnia,
908 1593 941 1634 se
956 1570 1113 1645 docentis,
1129 1571 1223 1634 verba

270 1689 428 1754 movetur,
441 1684 473 1738 et
488 1676 516 1738 ei
533 1673 564 1736 in
588 1673 696 1758 aliquo
718 1673 938 1757 obtemperare
955 1673 1123 1737 detrectat.
1170 1674 1224 1736 Se-

270 1799 409 1863 quamur
423 1799 499 1860 ergo
516 1776 635 1855 figuras
652 1789 831 1852 anctorum,
845 1786 877 1838 et
892 1776 1027 1856 singula
1046 1777 1069 1836 d
1076 1779 1127 1837 iet
1145 1798 1217 1858 pen-

270 1901 377 1942 semus
390 1901 430 1942 em
448 1879 556 1940 cauria
575 1880 725 1942 dicendi:
749 1876 821 1940 inde
842 1877 924 1939 enim
946 1877 1050 1941 fidelis
1072 1877 1221 1941 sumenda

268 1993 316 2044 est
332 1978 549 2060 intelligentia.
596 1976 658 2042 Sed
676 1991 708 2042 et
729 1977 770 2041 rei
795 2000 906 2040 nomen
932 1977 1030 2042 latius
1051 1992 1171 2064 pateat,
1187 1990 1219 2040 ut

268 2081 367 2163 possit
384 2080 615 2144 universalibus
630 2081 808 2157 convenire,
825 2101 897 2166 quae
913 2080 969 2169 sic,
984 2092 1115 2145 auctore
1133 2085 1218 2145 Aris·

270 2183 377 2263 totele,
392 2182 615 2266 intelliguntur
628 2184 787 2247 abstracta
799 2208 816 2246 a
829 2183 1056 2268 singularibus,
1070 2199 1105 2248 ut
1120 2198 1219 2249 tamen

268 2307 403 2349 essenon
415 2284 563 2358 habeant,
574 2284 957 2368 deductissingularibus:
972 2285 1219 2363 hocenim,sicut

267 2388 323 2464 ait,
338 2387 394 2451 illa
408 2397 563 2463 asserunt,
575 2387 630 2474 qui
641 2410 742 2472 genus
759 2410 857 2453 unum
870 2411 1004 2452 numero
1015 2412 1083 2453 esse
1098 2390 1218 2454 dicunt.

270 2488 308 2555 ld
335 2502 441 2553 autem
472 2487 606 2564 faciunt,
631 2488 687 2574 qui
715 2489 834 2551 formas
860 2487 941 2552 solas
967 2503 1113 2575 ponunt:
1137 2488 1220 2553 ideas

269 2588 398 2665 scilicet,
413 2611 496 2675 quas
511 2612 583 2652 cum
600 2601 729 2653 auctore
750 2611 807 2652 suo
822 2587 966 2666 Platone,
988 2590 1114 2675 quoties
1128 2591 1221 2656 datur

268 2690 401 2767 occasio,
431 2689 633 2753 vehementer
662 2689 840 2773 impugnat.
901 2686 997 2750 Unde
1028 2688 1100 2754 licet
1132 2690 1221 2754 Plato

269 2803 387 2854 coetum
405 2788 666 2875 philosophorum
683 2787 846 2872 grandem,
864 2801 895 2852 et
913 2802 976 2851 tam
992 2790 1220 2872 augustinum,

269 2915 364 2977 quam
375 2892 454 2957 alios
465 2895 572 2977 plures
582 2906 775 2963 nostrorum,
787 2893 816 2954 in
828 2892 1005 2955 statuendis
1014 2891 1096 2956 ideis
1108 2893 1220 2959 habeat

269 2992 1218 3080 assertores‚ipsiustameadogmainscrutiniouniversalium

270 3120 473 3184 nequaquam
490 3097 671 3182 sequimur:
696 3095 837 3180 eoquod
863 3095 912 3159 hic
937 3096 1218 3181 Peripateticorum

269 3199 444 3285 principem
477 3200 694 3274 Aristotelem,
724 3195 883 3282 dogmatis
920 3198 1018 3283 hujus
1048 3198 1219 3283 principem

267 3300 464 3383 profitemur.
509 3304 664 3385 Magnum
685 3299 815 3385 quidem
831 3312 890 3378 est,
911 3314 943 3364 et
960 3300 1049 3386 quod
1068 3303 1219 3368 Boethius

267 3399 300 3461 in
322 3399 460 3463 secundo
478 3414 655 3464 commento
677 3423 773 3486 super
794 3401 1021 3486 Porphyrium,
1047 3403 1153 3469 minus
1172 3429 1218 3470 ar·

267 3497 369 3562 duum
379 3497 510 3570 fatetur,
523 3509 682 3561 tantorum
694 3501 832 3564 virorum
846 3500 1023 3586 dijudicare
1032 3510 1219 3583 sententiam

267 3599 320 3663 sed
344 3598 371 3662 ei
393 3598 448 3684 qui
476 3596 756 3683 Peripateticorum
779 3601 877 3667 libros
897 3602 1097 3687 aggreditur,
1120 3609 1219 3694 magis

266 3698 449 3764 Aristotelis
478 3700 632 3764 sententia
661 3702 822 3788 sequenda
852 3716 921 3768 est:
952 3704 1036 3770 forte
1059 3730 1122 3771 non
1146 3710 1218 3795 quia

268 3802 382 3878 verior,
399 3801 452 3865 sed
465 3804 557 3888 plane
569 3801 644 3888 quia
653 3803 702 3869 his
717 3805 894 3892 disciplinis
904 3807 1005 3893 magis
1016 3810 1219 3875 accommoda

267 3918 324 3971 est.
350 3905 398 3970 Ab
414 3904 473 3968 hac
484 3918 590 3969 autem
606 3905 785 3992 longissime
798 3908 946 3973 videntur
957 3909 1139 3989 abscedere,
1156 3930 1217 3978 tam

266 4007 324 4085 illi,
339 4007 395 4094 qui
416 4027 533 4092 genera
548 4019 579 4071 et
596 4008 725 4092 species,
741 4030 836 4072 voces
857 4030 924 4071 esse
939 4009 1151 4092 constituunt,
1165 4027 1218 4078 aut

267 4132 436 4188 sermones,
451 4131 548 4196 quam
565 4110 630 4187 alii,
646 4110 701 4197 qui
725 4111 894 4196 praemissis
909 4110 948 4175 de
967 4134 1073 4177 rerum
1091 4114 1216 4179 inresti-

266 4214 392 4296 gatione
403 4211 860 4297 opinionibus,distrahuntur.
906 4217 949 4278 Et
964 4213 1096 4298 quidem
1108 4239 1215 4281 omnes

267 4316 309 4380 ab
326 4315 498 4381 Aristotele
513 4314 668 4400 puerilius
682 4327 739 4378 aut
756 4313 903 4379 stolidius
915 4331 1106 4401 evagantur,
1117 4340 1215 4407 quarn

268 4415 435 4492 Platonici,
464 4417 557 4500 cujus
580 4417 766 4481 sententiam
789 4440 959 4501 agnoscere
988 4419 1216 4504 dedignantur.
