2992 5592
486 822 528 867 nn
545 820 700 868 narraris
715 820 1010 869 cousernuurrnns.
1156 811 1219 870 803

353 976 562 1053 Conveniam,
576 997 730 1059 quaeram,
745 996 819 1059 quor
836 974 879 1038 sit
891 974 979 1058 origo
995 976 1102 1039 mali.”

265 1076 359 1139 Tunc
382 1099 416 1140 se
442 1085 630 1141 convertens
655 1077 697 1141 ad
720 1078 874 1141 Ventrem
897 1077 1036 1160 Lingua3
1069 1078 1090 1111 “
1104 1075 1220 1152 Quid‚”

483 1178 599 1262 inquit,

354 1280 373 1311 “
384 1279 465 1341 Tam
480 1279 564 1341 male
579 1297 639 1340 nos
653 1275 765 1340 laedis?
790 1277 855 1341 Hic
870 1278 956 1341 furor
971 1279 1057 1343 unde
1071 1278 1152 1345 tibi?

266 1380 418 1463 Respice,
433 1399 540 1442 nonne
555 1387 627 1440 tuos
643 1378 792 1443 concives
806 1378 941 1463 perdere
957 1380 1071 1445 curas?

354 1477 492 1551 Quando
507 1476 596 1541 rides
612 1498 732 1555 casum,
747 1498 812 1540 non
828 1479 965 1543 relevare
981 1478 1090 1563 paras?

265 1581 383 1643 Hostis
397 1601 432 1642 es
446 1589 479 1642 et
494 1578 583 1652 ciris,
599 1579 670 1643 hoeo
685 1588 773 1642 recta
788 1579 889 1642 fronte
904 1592 1102 1664 repugnant,

352 1680 472 1743 Juncta
486 1678 549 1740 sibi
565 1678 690 1752 melius,
706 1677 797 1754 ciris,
812 1678 936 1742 amicus
950 1689 1051 1744 erunt.

265 1782 312 1844 Et
326 1800 462 1841 vacuum
476 1788 508 1841 et
523 1778 656 1860 plenum
671 1787 702 1838 te
718 1796 845 1858 semper
857 1776 1049 1842 habebimus
1064 1776 1199 1853 bostem,

354 1881 487 1963 Semper
501 1879 561 1943 erit
573 1878 668 1941 nobis
683 1877 785 1941 tristis
799 1888 934 1962 uterque
947 1876 1070 1942 status?

260 1983 406 2055 ‘Quando
422 1995 525 2046 tumes
540 1981 666 2064 plenos,
681 1979 782 2044 nimia
797 1979 838 2044 de
853 1981 937 2043 mole
951 1991 1114 2062 gravatus,

354 2085 451 2148 Tunc
466 2103 593 2166 semper
608 2093 714 2147 tecum
729 2103 790 2145 nos
806 2083 884 2146 sacis
899 2103 970 2146 esse
985 2103 1107 2165 graves.

267 2188 355 2268 Ergo
371 2204 498 2269 precor,
514 2182 662 2247 miserere
678 2183 735 2256 tui,
751 2182 900 2246 miserere
915 2195 1052 2261 tuorum,

355 2287 406 2349 Ne
423 2295 528 2349 tecum
543 2294 687 2370 pereant,
702 2295 801 2367 teque
817 2293 953 2368 tuosque
962 2284 1051 2368 jura.

267 2389 439 2469 Exponas,
455 2407 513 2449 cur
526 2407 593 2449 nou
608 2386 760 2470 quereris,
776 2385 827 2448 rel
842 2385 922 2470 quid
937 2384 996 2449 tibi
1011 2387 1148 2471 quaeris?

355 2488 399 2550 Et
413 2508 466 2561 ne,
482 2506 604 2568 quaeso,
618 2506 713 2563 noce,
727 2486 784 2549 sed
798 2485 944 2550 facienda
959 2483 1072 2550 doce.”

268 2589 331 2651 His
348 2589 451 2651 verbis
466 2587 586 2650 claudit
600 2607 763 2650 sermones
778 2586 914 2667 Lingua,
928 2585 1095 2668 vicemque

353 2690 473 2752 Venter
487 2688 516 2751 ei
531 2686 683 2760 reddens,
698 2685 815 2767 incipit
828 2685 891 2748 ieta
904 2685 1012 2767 loqui:

265 2791 286 2823 “
300 2788 416 2852 Audivi
430 2790 548 2870 linguar
563 2787 724 2869 strepitus,
739 2796 773 2847 et
786 2804 842 2848 eos
857 2784 1016 2867 sapienter

355 2890 508 2961 Sustinui,
523 2887 647 2961 fratres,
662 2885 809 2949 laedimur
822 2883 899 2947 iude
915 2904 1038 2966 pamm

267 2992 394 3072 Lingua
404 2987 533 3073 quidem
544 2988 719 3049 membrum
729 2984 967 3062 modicum,sed
979 2987 1084 3061 molle,
1094 2987 1223 3072 citoque

355 3092 489 3153 Labitur
504 3099 537 3152 et
550 3088 691 3172 loquitur
704 3087 824 3175 saepius
839 3088 962 3170 absque
976 3087 1092 3151 modo:

270 3194 356 3257 Nam
373 3189 414 3252 de
429 3188 568 3252 scintilla
582 3208 732 3270 magnum
750 3187 835 3250 soret
850 3197 884 3250 et
899 3197 1005 3251 movet
1018 3187 1138 3268 ignem,

356 3293 395 3354 ln
411 3291 538 3353 fornace
554 3309 611 3352 sua
625 3288 759 3351 fabricat
772 3287 848 3351 inde
863 3287 964 3352 dolos.

268 3394 350 3460 lnde
365 3392 461 3455 nimis
475 3399 599 3452 nostros
614 3389 713 3470 agitat
728 3387 888 3453 discordia
903 3390 1000 3467 cives,

356 3496 442 3556 Nam
456 3511 569 3573 pacem
585 3491 702 3563 turbat,
718 3488 844 3552 etmihi
860 3491 923 3554 tela
932 3491 1023 3573 jacit.

269 3598 321 3661 Ne
338 3593 515 3668 dominum,
531 3591 658 3665 fratres,
673 3591 766 3654 robis
780 3591 921 3655 ostendit
935 3603 968 3656 et
981 3592 1124 3656 hostem:

359 3692 426 3760 Sed
441 3692 521 3766 scio,
537 3689 625 3774 quod
640 3689 732 3753 vobis
748 3689 863 3769 servio,
877 3710 999 3775 vosque
1015 3689 1096 3757 colo.

273 3799 381 3871 Quum
397 3815 458 3858 nos
474 3792 514 3856 de
530 3812 636 3855 massa
650 3811 756 3855 rerum
770 3801 885 3855 natura
898 3793 1033 3868 vocarit,

356 3897 402 3960 Et
416 3894 511 3958 nobis
524 3893 658 3957 formam
671 3890 900 3975 materiamque
915 3890 1017 3970 dedit,

272 3999 416 4082 Corpore
433 3995 596 4079 compegit
610 4014 686 4071 uno,
701 3992 871 4076 conjunxit
884 3993 989 4057 amico

359 4098 505 4173 Foedere,
522 4117 581 4159 nos
596 4117 721 4179 semper
730 4094 849 4178 jungat
864 4106 899 4157 ut
914 4114 998 4157 unus
1012 4114 1113 4171 amor,

273 4201 391 4264 Omnia
406 4198 563 4284 praecepit
578 4198 646 4261 fieri
663 4194 848 4260 communia
862 4195 957 4258 nobis

358 4300 530 4378 Omnibus,
544 4309 580 4363 ut
594 4298 757 4382 proprium
772 4298 880 4361 nullus
897 4297 1017 4360 habere
1032 4297 1117 4363 velit.

271 4400 431 4464 Omnibus
446 4401 553 4464 officia
567 4398 734 4464 distinxit:
759 4419 875 4482 meque
889 4397 1067 4463 ministrum
