2992 5592
386 801 428 857 22
652 812 790 858 somma
806 810 1085 857 sauusnaarunsrs
1223 787 1305 868 [nra.
1322 808 1343 852 r.

390 961 530 1027 universi
548 963 711 1028 sentirent.
758 962 809 1028 Sic
825 960 937 1047 vulpes
957 983 976 1023 a
998 959 1216 1045 desperatione
1241 980 1347 1024 cerasa

389 1064 511 1150 culpat,
538 1077 570 1129 et
600 1077 638 1129 ut
667 1065 730 1129 dici
756 1064 837 1130 solet
863 1062 1026 1128 rusticano
1052 1060 1234 1148 proverbio,
1260 1059 1347 1147 quod

391 1179 540 1251 negatur,
550 1165 639 1231 ducit
647 1166 771 1232 inutile.
810 1165 890 1230 lnde
905 1188 982 1249 ergo
994 1167 1061 1236 irae‚
1074 1162 1148 1226 hinc
1164 1162 1348 1247 lachryme,

392 1269 466 1333 hinc
488 1268 679 1354 indignatio,
700 1290 799 1356 quam
825 1268 978 1332 adversus
999 1265 1175 1352 discipulos
1197 1287 1350 1328 memora-

392 1385 499 1437 torum
512 1373 706 1460 sapientium
719 1373 864 1459 concepit
876 1369 1038 1435 Cornificii
1050 1369 1183 1434 domus:
1207 1367 1349 1453 undique

392 1469 426 1536 in
442 1495 495 1536 eos
510 1486 634 1537 exercet
650 1472 790 1550 dentem,
803 1471 858 1537 sed
873 1468 905 1534 in
922 1466 1082 1533 soliditate
1093 1491 1202 1532 eorum
1218 1467 1349 1553 frangit,

394 1581 432 1636 ut
442 1572 572 1651 dicitur,
584 1574 771 1660 genuinum.
810 1570 1020 1658 Impudenter
1035 1569 1142 1650 etiam,
1155 1570 1203 1648 (in
1218 1568 1349 1634 latebris

393 1687 511 1750 tamen,
526 1674 604 1760 quia
618 1673 723 1761 palam
746 1696 809 1738 non
829 1672 915 1756 licet)
935 1670 1103 1736 obfuscare
1118 1673 1233 1735 nititur
1248 1669 1350 1755 splen-

395 1775 558 1841 didissima
572 1776 694 1841 lumina
706 1777 897 1854 Galliarum,
909 1772 1057 1840 Lauduui
1073 1773 1218 1860 gloriam,
1237 1772 1350 1836 fratres

397 1878 593 1963 Theologos,
622 1878 802 1954 Annalium,
829 1888 861 1940 et
887 1874 1085 1940 Radulsum:
1123 1897 1260 1960 quorum
1288 1895 1350 1936 me·

397 1979 542 2043 morlain
554 1979 761 2063 jucunditate
780 1992 813 2042 et
833 1976 1051 2041 benedictione
1066 1993 1132 2041 est:
1163 1999 1245 2062 quos
1260 1997 1350 2039 nemo

396 2080 546 2145 laceravit
562 2080 704 2165 impune,
719 2093 751 2144 et
768 2079 825 2166 qui
841 2079 916 2144 solis
930 2078 1162 2165 displicuerunt
1183 2077 1352 2155 lraereticis,

397 2195 452 2245 aut
474 2180 667 2264 flagitiorum
691 2181 893 2269 turpitudine
914 2182 1088 2246 obvolutis.
1134 2179 1217 2244 Nam
1241 2179 1281 2243 de
1297 2178 1350 2245 Al·

397 2283 503 2348 berico
521 2282 684 2360 Remcnsi,
699 2297 731 2347 et
748 2286 886 2370 Symone
910 2282 1077 2349 Parisicnsi
1094 2283 1198 2370 palam
1217 2283 1350 2368 loquun-

397 2396 462 2459 tur,
474 2398 505 2448 et
523 2383 725 2470 proverbium
742 2385 866 2448 nullum
883 2385 1005 2464 dicunt,
1017 2400 1048 2449 et
1064 2407 1214 2471 sequaces
1228 2406 1350 2460 eorum,

397 2507 461 2549 non
486 2484 581 2548 modo
604 2484 809 2573 philosophos
832 2505 960 2572 negant,
982 2487 1046 2549 imo
1069 2509 1125 2549 nec
1147 2485 1277 2548 clericos
1300 2507 1352 2570 pa·

399 2587 546 2652 tiuntur:
570 2587 622 2651 vix
639 2587 782 2653 homines
798 2589 906 2652 sinunt
929 2611 1007 2668 esse,
1021 2587 1075 2651 sed
1092 2588 1189 2652 boves
1203 2586 1352 2665 Abrahae,

398 2688 447 2752 vel
473 2690 578 2754 asinos
602 2689 810 2767 Balaamitos,
833 2690 991 2753 duntaxat
1017 2689 1191 2768 nominant,
1213 2689 1279 2752 imo
1300 2689 1352 2753 dc-

397 2789 514 2863 rident,
531 2805 586 2855 aut
603 2795 629 2855 si
645 2791 724 2876 quid
740 2792 941 2856 scommatice
956 2790 1068 2875 magis,
1084 2803 1139 2854 aut
1156 2788 1306 2853 loedorice
1321 2789 1352 2853 in

399 2916 454 2956 eos
469 2892 531 2956 dici
548 2906 661 2978 potest.
700 2892 887 2956 Willelmus
901 2894 942 2958 de
956 2891 1137 2979 Campellis,
1148 2915 1266 2956 errasse
1281 2915 1353 2956 oon-

399 2995 537 3059 vincitur
566 2995 693 3080 scriptis
724 2992 872 3081 propriis.
930 2995 994 3059 Vix
1028 2993 1171 3078 parcitur
1200 2994 1352 3079 magistro

400 3100 534 3184 Hugoni
561 3098 602 3161 de
630 3097 746 3161 Sancto
770 3097 915 3161 Victore:
953 3108 985 3162 et
1017 3096 1076 3160 boc
1098 3095 1231 3181 quidem
1253 3096 1353 3183 magis

398 3217 529 3288 propter
544 3199 688 3264 habitum
705 3199 878 3284 religionis,
889 3220 985 3285 quam
999 3210 1131 3284 propter
1145 3198 1351 3262 reverentiam

399 3302 548 3382 scientiae,
566 3315 623 3365 aut
643 3301 807 3365 doctrinae.
853 3304 924 3365 Deo
943 3299 1028 3363 enim
1047 3300 1081 3362 in
1101 3300 1171 3384 ipso
1191 3298 1352 3376 deferunt,

399 3424 462 3467 non
493 3424 646 3487 personae.
705 3400 890 3464 Radbertus
922 3399 1049 3477 Pullus,
1080 3400 1174 3485 cujus
1203 3401 1354 3464 memoria

399 3502 490 3566 bonis
504 3501 651 3565 omnibus
661 3499 808 3585 jucunda
822 3515 881 3578 est,
892 3501 1053 3565 diceretur
1067 3499 1151 3565 filius
1166 3501 1353 3588 subjugalis,

400 3605 458 3669 nisi
471 3604 537 3668 sedi
552 3601 745 3690 Apostolicae
756 3602 947 3679 deferretur,
958 3626 1032 3689 quae
1046 3607 1163 3689 ipsum,
1174 3603 1215 3666 de
1226 3603 1355 3668 doctore

400 3705 596 3781 scholastico,
621 3704 855 3771 Cancellarium
877 3704 963 3770 fecit.
1009 3707 1057 3770 Ut
1080 3719 1186 3769 autem
1211 3705 1356 3771 licentius

399 3809 468 3875 hec
483 3806 602 3872 familia
613 3807 683 3871 aliis
697 3807 877 3894 derogaret,
889 3806 1073 3891 religionem
1089 3808 1295 3872 extrinsecam
1312 3808 1356 3871 in-

398 3912 471 3976 duit
483 3909 707 3996 paterfamilias
718 3910 770 3987 (de
781 3924 905 3975 interna
916 3910 996 3974 enim
1008 3926 1175 3997 cognoscet
1187 3911 1356 3988 Dominus,

398 4027 430 4078 et
446 4011 619 4099 judicabit)
635 4023 667 4076 et
687 4011 959 4088 Cisterciensium,
976 4008 1250 4090 Cluniacensium,
1271 4014 1357 4076 Prae-

399 4112 688 4192 monstratensium,
713 4111 923 4197 aliorumque,
949 4134 1089 4197 quorum
1116 4111 1202 4178 fama
1229 4111 1358 4176 hilarior

398 4230 457 4292 est,
481 4213 725 4279 sarniliaritatem
754 4228 874 4299 captat,
902 4225 937 4277 ut
963 4217 1004 4276 ab
1030 4234 1141 4277 eorum
1168 4214 1358 4279 auctoritate

400 4318 498 4403 possit
520 4340 586 4380 csse
613 4315 755 4400 insignis.
802 4317 874 4398 Ego
900 4328 1006 4378 autem
1034 4315 1263 4378 detractionem
1291 4316 1359 4401 ejus

401 4418 529 4482 familiae
561 4417 782 4504 equanimiter
816 4431 919 4503 porto,
951 4431 982 4481 et
1013 4439 1063 4480 me
1093 4418 1196 4481 luteos
1233 4417 1360 4504 aliquos
