2992 5592
268 791 329 850 loo
519 800 656 847 sonums
670 797 950 845 sanaaasaransrs
1072 779 1159 858 [arn.
1177 797 1219 843 rr.

264 953 575 1039 incorporaliumque
597 951 752 1016 notitiam.
797 952 857 1014 Est
887 962 996 1014 autem
1024 972 1149 1028 sensus,
1182 959 1219 1012 ut

265 1056 432 1125 Chalcidio
452 1056 567 1143 placet,
581 1055 686 1140 passio
701 1053 841 1139 corporis
855 1075 895 1116 ex
911 1053 1109 1138 quibusdam
1129 1065 1220 1116 extra

264 1158 390 1245 positia,
405 1173 437 1223 et
454 1159 540 1222 varie
555 1157 759 1245 pulsantibus
773 1178 892 1242 corpus
908 1179 1010 1241 usque
1025 1155 1068 1219 ad
1084 1159 1219 1220 animam

265 1282 453 1324 commeans.
485 1257 556 1324 Nisi
568 1263 651 1322 euim
664 1256 774 1322 eadem
787 1256 908 1343 aliquid
923 1256 1084 1320 violentiae
1094 1257 1219 1330 habeat,

266 1383 324 1424 nec
337 1359 377 1423 ad
394 1360 530 1425 animam
547 1359 702 1447 pervenit,
719 1380 776 1420 nec
794 1356 880 1420 cadit
895 1356 928 1420 in
944 1379 1056 1420 sensus
1075 1357 1219 1420 formam.

269 1464 303 1527 Si
319 1484 394 1525 vero
408 1460 516 1525 eadem
528 1461 632 1548 passio
643 1471 735 1546 grata
750 1472 809 1539 est,
820 1457 949 1522 lenitate
960 1458 1010 1521 sui
1023 1457 1219 1543 voluptatem

270 1563 384 1650 gignit,
399 1575 432 1627 et
446 1562 472 1626 si
488 1562 661 1640 invalescit,
677 1559 831 1646 gaudium
848 1563 1042 1624 nominatur.
1082 1556 1177 1636 Quod
1194 1555 1220 1619 si

268 1664 438 1752 asperitate
453 1665 501 1729 sui
518 1668 690 1741 exulcerat,
704 1662 845 1726 dolorem
866 1661 983 1747 gignit.
1031 1658 1221 1725 Aristoteles

268 1780 377 1832 autem
393 1789 521 1832 sensum
545 1767 653 1853 potius
674 1765 738 1828 rim
762 1764 876 1829 animae
898 1762 1021 1839 asserit,
1037 1785 1135 1850 quam
1155 1782 1221 1826 eor·

270 1868 358 1954 poris
380 1868 567 1953 passionem.
611 1866 674 1934 Sed
697 1866 768 1930 hoec
789 1863 899 1928 eadem
923 1865 983 1941 vis,
1006 1878 1043 1929 ut
1059 1862 1219 1950 judicium

269 1991 363 2033 suum
376 1966 416 2031 de
428 1969 523 2033 rebus
534 1968 662 2041 formet,
675 1965 875 2054 passionibus
889 1967 1055 2031 excitatur.
1086 1967 1131 2029 Et
1145 1963 1223 2050 quia

269 2091 321 2134 res
346 2068 493 2155 percipit,
516 2068 701 2132 earumdem
728 2066 815 2153 apud
843 2090 876 2133 se
903 2066 1030 2153 deponit
1054 2067 1222 2150 imagines.

270 2171 376 2248 Quare
396 2170 570 2234 retentione
590 2182 622 2235 et
637 2171 798 2256 frequenti
819 2169 1023 2249 revolutione,
1036 2169 1129 2255 quasi
1150 2168 1224 2233 the·

270 2292 401 2333 saurum
417 2271 577 2337 memoriae
590 2271 650 2335 sibi
660 2272 787 2338 format.
821 2275 909 2338 Dum
920 2291 995 2335 vero
1004 2292 1112 2334 rerum
1124 2267 1225 2333 volvit

270 2369 433 2454 imagines,
449 2371 591 2436 nascitur
612 2372 816 2458 imaginatio:
848 2396 922 2459 quae
939 2393 1003 2437 non
1026 2370 1122 2436 modo
1142 2394 1224 2457 prse-

269 2485 433 2558 oeptorum
455 2472 653 2551 recordatur,
669 2474 724 2542 sed
740 2474 781 2539 ad
804 2497 914 2541 eorum
929 2472 1076 2561 exempla
1097 2474 1224 2537 eonfor-

269 2572 396 2647 mauda,
413 2572 462 2638 sui
478 2572 648 2639 vivacitate
663 2574 879 2662 progreditur.
924 2575 1101 2653 Quaesitum
1118 2588 1223 2640 tameo

271 2687 318 2739 est
338 2696 377 2738 an
393 2698 412 2738 a
428 2696 522 2739 sensu
538 2674 635 2740 distet
649 2674 834 2760 imaginatio
850 2675 1050 2750 naturaliter,
1066 2698 1105 2739 an
1121 2699 1142 2740 a
1157 2675 1225 2739 solo

270 2773 467 2865 percipiendi
489 2775 595 2841 modo.
639 2775 759 2841 Recolo
781 2776 864 2840 euim
885 2776 985 2842 fuisse
1006 2776 1223 2863 philosophos,

271 2876 392 2965 quibus
406 2877 537 2965 placuit,
554 2877 634 2942 sicut
651 2878 869 2965 incorpoream
892 2876 1080 2965 simplicem,
1096 2891 1128 2944 et
1143 2876 1225 2944 indi·

271 2978 401 3043 viduam
428 3000 497 3043 esse
521 2974 732 3043 substantiam
759 2978 885 3053 animae,
908 2979 1010 3045 itaet
1036 3002 1131 3045 unam
1157 3002 1223 3043 esse

271 3081 459 3166 potentiam,
475 3103 573 3167 quam
588 3079 820 3164 multipliciter,
832 3103 892 3165 pro
907 3103 1014 3144 rerum
1030 3082 1225 3160 diversitate,

271 3182 408 3248 exercet.
439 3185 562 3246 Eorum
578 3205 653 3267 ergo
664 3181 773 3268 opinio
787 3195 846 3260 est,
859 3181 947 3269 quod
959 3182 1070 3247 eadem
1085 3182 1225 3269 potentia

271 3307 357 3349 nunc
387 3286 513 3361 sentiat,
544 3309 629 3351 nunc
658 3300 865 3365 memoretur,
897 3307 982 3349 nunc
1015 3285 1225 3370 imaginetur:

272 3408 359 3449 nunc
384 3385 541 3450 discernat
564 3385 799 3471 investigando,
822 3408 906 3450 nunc
928 3386 1122 3472 investigata
1144 3410 1225 3453 asse·

272 3484 401 3570 queudo
421 3485 591 3571 intelligat.
637 3487 698 3552 Sed
720 3487 922 3575 pluressunt
944 3494 1144 3555 econtrario
1159 3513 1225 3554 aen·

271 3587 397 3661 tientes,
424 3588 561 3650 animam
587 3589 721 3674 quidem
748 3591 929 3676 quantitate
954 3591 1143 3676 simplicem,
1169 3591 1223 3657 sed

272 3686 484 3775 qualitatibus
509 3690 730 3776 compositam,
752 3704 785 3757 et
811 3695 894 3758 sieut
920 3696 1031 3759 multis
1052 3696 1222 3760 obnoxiam

271 3788 482 3877 passionibus,
497 3790 542 3854 sic
562 3790 673 3856 multis
694 3794 846 3878 potentiis
869 3807 1020 3860 utentem.
1067 3799 1114 3864 Et
1134 3797 1223 3862 facile

270 3889 401 3978 quidem
417 3890 606 3954 crediderim
622 3891 731 3977 plnres
745 3919 823 3973 esse,
840 3919 936 3981 quum
953 3919 1064 3962 eorum
1082 3902 1123 3965 sit
1138 3898 1226 3964 libris

272 4013 473 4079 expressum:
491 4015 591 4079 quum
602 3994 836 4074 anima,duma
847 3999 986 4064 Domino
995 4005 1227 4088 peregrinatur,

274 4119 340 4167 aute
354 4093 486 4183 originis
500 4095 596 4162 nimis
609 4096 729 4184 ignara,
747 4100 800 4163 vix
817 4101 899 4166 vires
913 4123 987 4167 suas
1002 4119 1164 4189 agnoscat.
