2992 5592
277 802 339 864 als
520 820 657 865 rosums
672 819 950 865 suaussunrausrs
1063 801 1169 881 [sacr.
1184 821 1222 879 rr,

275 993 412 1057 namque
439 972 521 1034 vires
547 971 593 1034 ita
616 984 731 1036 coeunt
759 970 791 1034 in
817 971 1028 1034 substantiam
1055 971 1144 1057 quod
1167 994 1224 1037 una

273 1083 348 1136 sunt
377 1072 492 1135 anima.
546 1070 602 1135 Ad
630 1070 699 1136 haec
722 1085 829 1136 autem
853 1070 1035 1135 evidentius
1060 1073 1225 1138 ostendeu-

273 1173 363 1249 dum,
388 1171 466 1237 dicit
496 1173 678 1237 Mercurius
705 1175 851 1248 Hermes,
879 1173 1083 1261 “Sapientia
1110 1173 1225 1239 dicitur

273 1290 373 1340 mater
395 1275 558 1361 psyches,”
579 1274 786 1340 Eodelicheia
805 1275 899 1361 quasi
917 1275 1023 1340 endon
1043 1276 1176 1341 elicheia
1194 1277 1225 1341 id

272 1392 320 1442 est
339 1376 515 1442 eternitatis
532 1374 608 1452 filia,
624 1375 743 1442 scilicet
759 1377 914 1464 sapientia
930 1378 1054 1443 creavit
1074 1379 1224 1465 psychen,

274 1478 308 1543 id
317 1492 377 1558 est,
385 1479 534 1555 animam,
544 1476 623 1542 dans
634 1479 661 1542 ei
678 1502 697 1542 a
712 1502 757 1556 se,
772 1501 835 1544 non
851 1480 891 1543 de
902 1502 946 1554 se,
957 1479 1127 1560 rationem,
1136 1480 1226 1545 intel·

273 1581 448 1668 ligantiam,
470 1595 502 1646 et
524 1578 811 1654 immortalitatem
835 1579 920 1645 unde
934 1580 1041 1645 auima
1062 1582 1105 1646 ab
1126 1581 1227 1647 officio

274 1682 447 1760 animandi,
457 1682 490 1749 id
500 1683 905 1761 eat,virilicandi,dicitur;
924 1698 957 1749 et
967 1683 1011 1748 sic
1019 1684 1138 1750 scilicet
1148 1685 1227 1749 mul-

274 1786 405 1852 timodae
420 1787 488 1872 ejus
500 1785 596 1851 vires:
613 1785 685 1850 mod
691 1808 727 1849 us
741 1784 1111 1871 ejuscomprehendendi
1120 1786 1226 1851 multi·

274 1885 371 1972 plex;
396 1884 482 1950 unde
503 1884 596 1949 Plato
617 1883 659 1950 de
687 1884 915 1968 compositione
938 1887 1054 1951 mima
1077 1898 1226 1965 tractam,

274 1986 351 2051 dicit
367 2008 435 2050 eam
451 1998 593 2049 constare
605 2008 645 2048 ex
660 1984 772 2049 eodem
787 1999 820 2050 et
831 1984 968 2061 diverso,
983 2007 1021 2049 ex
1035 1985 1222 2059 individua;

272 2103 303 2151 et
327 2086 461 2151 dividua
482 2085 671 2151 substantia.
717 2089 763 2152 Et
786 2086 863 2151 dicit
886 2085 1012 2162 scilicet,
1034 2109 1076 2150 ac
1096 2089 1222 2164 eodern3

272 2188 410 2252 referens
423 2187 464 2251 ad
479 2187 567 2250 illum
584 2189 716 2253 modum
736 2187 1037 2274 comprehendendi,
1053 2211 1120 2274 quo
1136 2211 1222 2253 com·

272 2289 411 2353 muniter
436 2288 574 2352 uniendo
598 2288 842 2376 comprehendit
868 2289 993 2358 multat
1015 2312 1055 2355 aa
1079 2292 1223 2367 diversor

273 2389 383 2455 retulit
409 2389 449 2453 ad
482 2389 612 2454 modum
643 2391 932 2478 comprehendendi
962 2391 1156 2478 singularia:
1187 2416 1227 2458 ar

273 2495 441 2558 individuo
453 2495 650 2567 substantio,·
667 2493 707 2557 ad
719 2495 849 2560 modurn
859 2495 1149 2583 comprehendendi
1160 2519 1223 2560 rem

273 2595 450 2661 formaliter
465 2608 497 2660 et
511 2595 755 2661 immutabiliter
767 2622 777 2670 ;
800 2620 841 2662 ac
855 2600 991 2664 diuidua
1003 2625 1014 2662 :
1037 2598 1078 2662 ad
1095 2598 1223 2663 modum

273 2696 572 2785 comprehendendi,
588 2695 684 2759 modo
698 2698 866 2784 compositi
886 2721 951 2763 rem
972 2699 1178 2764 materialiter
1192 2714 1223 2765 et

273 2799 480 2866 mutabiliter.
523 2801 576 2864 Ex
598 2797 656 2862 tali
686 2799 756 2883 ejus
785 2801 1013 2884 compositione
1039 2801 1223 2867 Dorotheus

272 2925 340 2966 eam
351 2900 566 2966 sicdescribit:
584 2900 952 2986 “Animaestquoddam
963 2901 1223 2978 virtualetotum,

272 3027 311 3069 ex
321 3001 676 3088 illiscomprehendendi
689 3002 867 3069 virtutibus
878 3004 1120 3090 compositum.”
1136 3004 1222 3069 Hinc

274 3107 368 3172 Plato
389 3107 421 3170 in
437 3105 611 3172 Phaedoue:
637 3104 786 3170 “Anima
807 3107 867 3170 etsi
890 3106 1075 3192 incorporea
1096 3106 1157 3179 sit;
1180 3106 1221 3170 ad

272 3211 509 3277 similitudinem
532 3223 636 3275 tamen
652 3207 793 3295 corporis
812 3209 954 3295 quodam
971 3211 1067 3275 modo
1086 3210 1224 3296 effigiata

270 3329 329 3380 est.
375 3316 483 3399 Caput
504 3314 574 3399 ejus
596 3310 838 3386 immortalitas;
862 3311 959 3390 oculi,
981 3313 1065 3377 ratio
1086 3327 1118 3377 et
1133 3311 1224 3378 intel·

270 3416 409 3499 ligentia.
456 3415 551 3480 Ratio
578 3428 627 3480 est
652 3416 701 3479 vis
730 3415 839 3479 innata
867 3419 983 3495 animo,
1012 3415 1162 3480 unionem
1191 3427 1222 3478 et

269 3517 479 3581 differentiam
503 3517 534 3581 in
559 3519 655 3583 rebus
674 3517 955 3604 comprehendens,
977 3517 1128 3583 discretio
1150 3540 1223 3582 vero

270 3641 330 3683 uau
357 3633 390 3682 et
411 3618 609 3704 experientia
638 3642 744 3683 rerum
776 3620 998 3705 temporalium
1029 3639 1223 3706 comparata,

269 3719 412 3791 cautela;
437 3720 523 3784 unde
545 3721 695 3787 discretio
710 3722 907 3787 diversorum
922 3725 1020 3787 mais
1034 3721 1162 3787 dicitur.
1185 3725 1222 3788 ln

269 3823 351 3887 libro
360 3844 435 3886 vero
443 3820 620 3885 Electionis
631 3823 794 3889 invenitur
806 3825 957 3909 scriptum
969 3824 1011 3888 de
1021 3823 1118 3888 modo
1129 3823 1223 3889 actio-

268 3923 635 4011 numejuasensualium.
675 3926 1061 4013 Animaquandoqueper
1072 3927 1221 4012 seipsam,

267 4027 460 4116 quandoque
480 4047 632 4112 corporeo
652 4029 866 4095 instrumento
887 4052 938 4094 res
955 4029 1221 4115 comprehendita

268 4131 476 4197 Conformant
491 4129 573 4193 euim
591 4153 624 4194 se
639 4129 704 4194 suis
718 4130 800 4195 adeo
816 4132 1046 4211 instrumentis,
1063 4146 1112 4209 ut,
1127 4130 1221 4218 quale

266 4235 363 4299 fuerit
379 4234 637 4308 instrumentum,
651 4254 700 4295 res
712 4232 798 4317 ipsas
810 4231 905 4296 modo
915 4233 1070 4298 consimili
1081 4253 1222 4318 compre-

265 4335 395 4415 hendat,
405 4351 441 4400 ut
452 4337 477 4400 si
488 4338 570 4401 vitro
580 4333 885 4420 interpositoliteras
900 4334 1097 4418 inspexeris;
1113 4334 1224 4420 cujus·

265 4460 403 4523 cumque
418 4440 532 4506 coloris
546 4439 585 4504 sit
602 4437 731 4517 vitrum,
747 4436 854 4501 literas
870 4435 927 4499 tibi
944 4436 1052 4499 videre
1075 4436 1221 4501 videaris.
