2992 5592
366 827 429 886 2⁰6
622 839 759 883 sosssts
775 837 1052 882 stsssseutsssrs

388 993 481 1066 Quod
494 999 617 1054 uuluro
632 992 817 1072 sinpulario
833 997 964 1052 lantum
981 993 1078 1061 uouit,
1094 994 1301 1056 universalia

502 1095 597 1173 quasi
611 1093 756 1173 quedam
772 1094 910 1154 rationis
915 1091 1077 1175 fipmsulo
1090 1101 1179 1155 sunt.

367 1194 426 1256 Est
441 1194 651 1266 individuum,
668 1193 822 1279 quicquid
836 1206 950 1257 natura
964 1195 1092 1271 cressit,

452 1295 699 1379 Consormisque
714 1308 814 1358 status
829 1307 878 1358 est
892 1297 1021 1358 rationis
1036 1316 1127 1378 opus.
1258 1301 1323 1359 860

367 1397 402 1459 Si
418 1399 490 1480 quis
505 1399 707 1460 Aristotelem
722 1398 858 1480 primum
874 1419 939 1459 non
955 1410 1065 1460 censet
1078 1397 1278 1473 habendum,

457 1501 532 1562 Nou
547 1499 653 1562 reddit
667 1501 787 1562 meritis
801 1500 932 1582 praemia
948 1499 1045 1581 digus
1059 1501 1135 1562 suis.

368 1603 504 1664 Cunctis
519 1602 712 1685 principium
728 1601 862 1662 finemve
878 1599 1006 1664 dedisse
1022 1603 1176 1683 probatur

456 1704 605 1778 Artibus3
628 1704 754 1778 evincit,
769 1703 925 1786 quicquid
940 1703 1058 1766 habere
1074 1705 1173 1787 cupit
1286 1696 1297 1711 ’

368 1800 464 1876 Quod
480 1806 583 1887 potuit
598 1825 789 1888 quemquam
804 1804 885 1866 ratio
901 1803 1064 1867 mundano
1079 1804 1207 1880 docere,
1257 1809 1322 1866 855

460 1908 547 1970 Huic
564 1906 662 1984 dedit,
677 1918 712 1968 ut
727 1906 840 1968 fierent
854 1905 1005 1987 dogmata
1020 1908 1117 1989 plena
1131 1905 1207 1968 fide.

469 2010 561 2082 Quod
576 2011 756 2071 Aristoteles
769 2007 874 2071 dictus
889 2009 1044 2089 eslfilius
1060 2006 1229 2088 Apollinis.

369 2110 536 2195 Quicquid
551 2113 636 2174 euim
654 2110 774 2186 docuit,
790 2110 941 2174 docuisse
955 2122 1083 2193 putatur
1098 2111 1226 2192 Apollo,

457 2216 484 2274 Α
501 2233 565 2296 quo
580 2213 780 2296 progenitum
797 2214 905 2276 fabula
920 2213 1035 2275 Graecu
1049 2212 1151 2274 refert

487 2313 580 2387 Quod
594 2312 776 2376 Aristoteles
789 2314 930 2376 omnibus
943 2313 1070 2376 studuit
1084 2313 1220 2375 obviare.

370 2416 511 2478 Plurima
524 2437 621 2500 quum
637 2429 723 2479 recte
738 2417 864 2491 doceat,
879 2429 985 2480 tumeo
1001 2429 1083 2480 errat
1096 2417 1131 2478 iu
1146 2416 1212 2492 illo,

456 2517 552 2590 Quod
568 2541 694 2602 semper
708 2521 841 2604 reliquis
855 2521 969 2582 obvius
983 2519 1029 2580 ire
1045 2529 1152 2601 porat3
1257 2522 1325 2580 860

371 2620 455 2683 Nam
470 2622 548 2682 licet
562 2622 594 2683 in
611 2622 743 2684 summis
759 2622 852 2684 fuerit
866 2622 1036 2705 praeclsrus
1052 2618 1229 2693 habendus,

457 2721 612 2804 Captator
626 2723 730 2785 laudis
745 2722 973 2785 immoderatus
988 2734 1063 2785 erat.

371 2822 604 2907 Philosophum
620 2826 719 2887 virtus
734 2826 868 2900 clarum,
883 2846 948 2887 uon
964 2825 1065 2907 glorie
1080 2843 1161 2886 vana

461 2925 593 3003 Reddit,
607 2928 712 2988 honor
727 2948 819 2988 verus
831 2925 934 2988 laudis
948 2948 1055 2990 amore
1070 2927 1158 3009 perit.

618 3029 708 3102 Quid
721 3029 829 3090 dooeul
840 3029 1077 3109 philosophum.

371 3127 589 3213 Philosophus
604 3132 729 3211 satagit,
743 3142 780 3192 ut
794 3151 886 3193 meus
901 3130 1092 3214 respoudeat
1106 3131 1161 3205 ori,
1257 3132 1323 3189 865

461 3231 506 3293 Ut
520 3233 623 3313 probs
638 3232 679 3294 sit
693 3231 800 3293 verbis
815 3251 959 3293 consona
974 3231 1040 3293 vito
1055 3231 1159 3292 bonis.

373 3329 449 3390 Nou
465 3341 500 3392 ut
515 3331 586 3412 quis
601 3342 687 3392 recte
702 3330 854 3413 loquitur,
871 3350 947 3391 mox
962 3329 1215 3413 philosophatur,

460 3433 525 3496 Sed
540 3435 594 3516 qui
610 3435 656 3496 sic
673 3436 759 3511 visit,
777 3445 813 3496 ut
828 3436 914 3497 bona
929 3454 1055 3516 semper
1068 3445 1152 3512 agat

373 3533 457 3595 Nom
475 3534 632 3595 Venerem
648 3535 780 3616 culpare
797 3545 903 3617 potest
917 3534 1037 3596 lascivo
1051 3533 1168 3616 puello,

460 3636 573 3697 Virtuti
590 3636 704 3698 laudes
721 3636 829 3699 dicere
844 3657 952 3699 scurra
967 3647 1083 3718 potest,
1262 3639 1326 3696 870

372 3733 501 3797 Indocti
517 3749 654 3817 possunt
669 3739 847 3819 sapientum
865 3739 962 3800 verbs
977 3735 1101 3812 referre,

462 3837 578 3899 Peccat
592 3850 624 3899 et
638 3838 796 3925 interdum
811 3839 921 3920 liugus
936 3838 1036 3921 petitu
1050 3837 1151 3919 loqui.

374 3938 462 4012 Quod
475 3938 671 4002 Aristotelem
681 3943 758 4003 vicit
764 3941 882 4023 glorio,
892 3960 990 4021 qslom
1001 3938 1102 4001 verbis
1111 3938 1326 4017 impuqnaotr.

373 4039 484 4102 Vincit
499 4040 685 4103 Aristoteles
700 4042 792 4118 alios,
807 4042 892 4104 hunc
908 4040 1010 4121 gloria
1024 4059 1116 4114 vous,

460 4141 564 4217 Quom
580 4141 871 4224 tamenimpugust
886 4152 918 4202 et
934 4140 1030 4203 docet
1044 4160 1112 4202 esse
1126 4140 1217 4202 nihil.

375 4243 466 4316 Quod
484 4242 684 4324 philosophia
705 4262 825 4303 ornam
844 4243 980 4322 ploriom
992 4243 1108 4322 Μαί,
1127 4241 1211 4302 oicla
1232 4244 1330 4320 prius

664 4342 823 4421 soluplole
836 4347 868 4403 el
881 4342 1034 4404 evomis.

375 4441 456 4504 Haec
472 4455 531 4520 est,
541 4453 728 4526 prestantes
740 4465 812 4526 quae
825 4442 944 4506 deserit
954 4443 1065 4504 ultime
1081 4455 1213 4517 mentes,
1263 4448 1328 4504 876
