2992 5592
270 816 341 864 cae.
357 796 447 880 xm]
633 813 877 868 uurssomcus.
1165 810 1227 871 1⁷5

272 968 372 1032 Hunc
386 964 486 1033 solius
501 966 562 1032 Dei
584 992 662 1052 esse,
676 984 709 1036 et
729 970 901 1039 admodum
925 996 1100 1062 paucorum
1124 974 1226 1041 bomi-

272 1091 348 1134 num
364 1071 565 1147 selectorum,
580 1073 691 1139 asserit
705 1072 809 1140 Plato.

273 1259 353 1345 Cap.
372 1264 423 1323 19.
447 1260 535 1334 Quid
552 1263 724 1344 saphatia,
745 1270 777 1328 et
797 1263 883 1346 qrtod
900 1267 973 1349 ipsa
994 1266 1032 1329 de
1049 1285 1148 1330 sensu
1164 1285 1227 1348 per

672 1370 826 1447 gratiam.

314 1481 505 1547 Samum
524 1504 599 1545 sero
619 1482 766 1568 sequitur
785 1483 996 1560 intellectum,
1016 1507 1055 1546 eo
1074 1483 1160 1570 quod
1175 1483 1224 1546 di·

272 1581 343 1647 rina
357 1580 399 1646 de
413 1581 463 1647 bis
478 1583 584 1660 rebus,
599 1605 681 1668 quas
703 1586 785 1649 ratio
807 1585 954 1662 discutit,
970 1585 1151 1650 intellectus
1170 1605 1225 1647 ex-

271 1684 398 1771 cerpsit,
414 1705 541 1749 suavem
563 1683 682 1750 habent
704 1697 849 1769 gustum,
865 1698 896 1749 et
916 1685 949 1748 in
970 1707 1108 1749 amorem
1128 1705 1223 1748 suum

271 1786 391 1851 animas
405 1786 618 1872 intelligentes
629 1788 818 1853 accendunt.
857 1791 941 1853 Nam
952 1801 985 1852 et
996 1809 1035 1851 ex
1051 1811 1088 1851 eo
1102 1783 1226 1873 sapien-

272 1887 348 1954 tiam
362 1888 426 1954 dici
441 1911 524 1967 reor,
538 1890 625 1976 quod
648 1891 723 1955 boni
744 1911 887 1977 saporem
908 1889 1024 1954 babeat
1045 1889 1076 1953 in
1097 1888 1224 1953 divinis.

272 1990 369 2056 Unde
383 2008 502 2078 patres,
517 1990 680 2056 scientiam
701 1993 844 2057 referunt
866 1991 905 2056 ad
929 1991 1076 2070 activam,
1089 1991 1131 2056 ad
1150 2012 1225 2054 con·

272 2091 488 2181 templativam
505 2115 591 2172 vero,
605 2093 803 2178 sapientiam.
849 2094 943 2157 Patet
961 2115 1000 2157 ex
1016 2093 1077 2171 his,
1092 2090 1179 2178 quod
1196 2091 1223 2156 si

271 2197 343 2283 quis
356 2199 537 2284 praemissos
550 2196 671 2281 gradus
691 2211 862 2277 recenseat,
876 2196 917 2260 de
939 2194 1132 2282 scaturigine
1155 2218 1224 2260 sen-

271 2321 363 2365 suum
379 2298 475 2364 etism
487 2297 685 2384 sapientiam,
697 2312 861 2383 praeeunte
875 2309 907 2362 et
917 2298 1097 2385 opitulante
1110 2298 1225 2384 gratia,

271 2401 394 2469 videbit
407 2423 564 2466 emanare.
609 2402 654 2466 Et
671 2414 708 2466 ut
729 2401 921 2488 Prophetico
941 2401 1121 2467 testimonio
1142 2423 1223 2487 gau-

271 2504 413 2580 deamus,
430 2503 525 2568 timor
538 2503 619 2589 ipse,
633 2504 691 2588 qui
705 2515 753 2567 est
768 2503 893 2567 initium
911 2504 1084 2590 sapientia,
1100 2502 1140 2566 de
1155 2525 1224 2568 sen-

270 2628 318 2682 su,
328 2604 615 2690 relimaginatione
625 2626 717 2689 pane
725 2605 891 2688 contingit.
916 2606 981 2679 Qui
992 2627 1095 2690 quum
1107 2604 1222 2670 sollici·

270 2721 365 2793 tetur,
380 2733 420 2776 ne
436 2708 578 2796 vapulet,
595 2708 757 2797 punientis
772 2709 892 2773 habens
910 2709 1105 2788 memoriam,
1119 2707 1222 2795 ipsius

270 2813 408 2879 declinat
433 2811 595 2875 offensam.
640 2810 848 2875 Praemiorum
878 2832 1009 2896 quoque
1038 2831 1143 2885 sensu,
1171 2813 1222 2874 vel

269 2915 504 3002 imaginatione,
520 2913 561 2977 ad
576 2913 763 2999 obsequium
780 2914 895 2999 punire
910 2926 942 2977 et
958 2913 1052 2977 beare
1072 2912 1222 2999 potentis,

268 3016 429 3082 incitatur.
472 3013 627 3078 Pietatem
643 3037 721 3099 ergo
734 3013 955 3099 exercuit,qui
971 3011 1109 3077 declinat
1123 3016 1222 3077 offen·

268 3140 346 3199 sam,
369 3117 426 3184 sed
448 3138 506 3203 per
527 3115 754 3204 experientiam
778 3116 922 3200 obsequii
949 3115 1112 3180 scientiam
1139 3136 1221 3179 asse-

268 3231 391 3308 quutus
405 3231 464 3283 est.
511 3218 592 3281 Haec
607 3217 703 3297 enim,
717 3217 851 3282 actionis
865 3227 923 3280 est.
962 3216 995 3279 Si
1010 3237 1084 3279 vero
1099 3236 1220 3279 assues·

266 3334 317 3389 eat
326 3319 542 3408 experientia,
552 3343 592 3384 ex
602 3319 831 3384 consuetudine
839 3317 1062 3406 gerendorum,
1075 3315 1222 3405 provenit

268 3424 436 3490 tortitudo.
483 3420 531 3488 Ut
554 3434 664 3488 autem
690 3423 880 3509 obsequium
908 3420 1105 3502 rationabile,
1131 3420 1221 3508 quod

269 3528 484 3616 gratissimum
514 3539 573 3603 est,
604 3538 746 3611 praestet,
775 3527 941 3592 eonsilium
972 3525 1220 3605 deliberationis,

269 3653 366 3718 super
390 3629 479 3709 actis,
501 3627 551 3692 vel
578 3628 720 3713 agendis,
746 3629 904 3694 oboritur.
950 3628 1221 3694 Deliberationem

268 3734 414 3822 sequitur
428 3729 618 3811 intellectus,
632 3731 793 3795 meliorem
809 3745 932 3818 partem
944 3729 1081 3797 retinens
1100 3732 1132 3796 in
1149 3730 1220 3796 sinu

269 3856 343 3911 suo;
367 3845 514 3898 versatur
538 3835 620 3898 enim
648 3833 680 3896 in
710 3832 839 3911 divinis,
867 3855 1004 3919 quorum
1034 3846 1159 3920 gustus,
1186 3845 1221 3898 et

267 3957 367 4015 amor,
378 3947 412 4001 et
426 3935 628 4013 inhaerentia,
645 3955 719 4000 vera
732 3935 861 3999 demum
879 3936 1035 4023 sapientia
1048 3949 1108 4001 est.
1148 3939 1221 4003 Hos

267 4049 371 4102 tamen
393 4038 515 4123 gradus
532 4059 594 4101 nou
614 4050 768 4123 operatur
785 4050 912 4115 natura,
932 4036 986 4101 sed
1009 4036 1123 4123 gratia,
1144 4059 1220 4120 quaa

266 4134 305 4200 dc
315 4137 405 4202 sonte
417 4158 578 4211 sensuum,
590 4158 650 4220 pro
660 4133 793 4199 arbitrio
804 4158 871 4214 siro,
886 4134 971 4200 elicit
984 4134 1087 4197 varios
1097 4132 1219 4196 rivulos

267 4239 479 4319 scientiarum,
493 4252 525 4303 et
540 4237 718 4324 sapientire:
742 4234 913 4301 invisibilia
929 4236 1002 4310 Dei,
1018 4256 1075 4315 per
1094 4255 1132 4296 ea
1145 4255 1220 4319 quoe

265 4342 350 4408 iacta
371 4353 459 4420 sunt,
480 4339 673 4417 manifestat,
694 4353 725 4404 et
753 4338 964 4415 manifestata,
978 4332 1117 4420 quadam
1138 4334 1220 4400 cari·

265 4447 339 4510 tatis
354 4444 479 4510 unitate
494 4441 720 4519 communicat,
735 4454 767 4507 et
783 4440 941 4504 bominem
958 4441 1029 4502 Deo
1043 4439 1123 4503 unit.
