2992 5592
418 784 460 840 50
677 797 814 841 tonsura
830 795 1109 841 ssnnsnnrusnsrs
1250 785 1331 859 [nra.
1346 802 1366 848 1.

418 945 647 1024 Salomon,non
660 946 799 1010 modain
812 947 922 1011 eodem
935 948 1027 1023 libro,
1035 962 1067 1012 et
1077 948 1107 1011 in
1119 948 1231 1015 eadem
1244 953 1367 1038 pagina,

415 1048 469 1111 s'ed
493 1046 588 1111 etiam
612 1048 772 1111 continuis
796 1049 949 1129 versibus,
973 1049 1069 1112 dicit:
1102 1052 1157 1114 No
1178 1059 1368 1136 respondeas

414 1156 513 1215 stulto
526 1152 700 1215 teotradum
722 1151 894 1214 stultitiam
917 1174 1022 1227 suam,
1039 1174 1081 1215 ae
1101 1153 1255 1239 efferaris
1276 1161 1307 1222 ei
1326 1163 1366 1222 ei-

413 1255 523 1317 milie:
553 1264 582 1318 et
597 1255 753 1336 responde
767 1259 865 1316 stulta
880 1255 1058 1317 secandam
1080 1255 1254 1320 stultitiam
1269 1283 1368 1341 saara,

413 1377 451 1420 rre
479 1358 540 1420 eibi
567 1359 698 1438 rapieris
726 1357 899 1419 uideatur?
939 1357 1055 1441 Itaque
1085 1357 1207 1441 regulae
1233 1360 1365 1428 sciendae

414 1472 500 1534 sunt,
517 1472 553 1523 ut
568 1458 608 1521 ad
624 1457 695 1522 illas
709 1472 844 1533 constet,
860 1457 940 1543 quid
957 1458 987 1520 in
1012 1482 1154 1522 sermone
1175 1472 1299 1527 rectum
1316 1466 1364 1547 sit,

414 1560 493 1645 quid
512 1583 662 1637 enorme;
692 1559 768 1644 quia
784 1559 842 1622 nisi
858 1559 899 1622 ad
917 1557 1070 1642 regulam,
1087 1583 1187 1645 prava
1209 1587 1274 1629 non
1297 1587 1363 1630 oor·

412 1665 508 1749 riges,
518 1663 670 1749 nulloque
681 1662 789 1726 studio
800 1663 945 1748 ignotum
957 1662 1170 1748 praecipitium
1183 1666 1363 1735 declinabis.

413 1771 459 1831 At
483 1768 514 1831 in
538 1767 668 1853 regulis,
683 1767 736 1831 vix
761 1766 883 1853 aliquid
901 1766 1023 1844 utilius,
1038 1781 1094 1831 aut
1110 1772 1363 1855 compendiosius

412 1870 544 1934 dixerim
562 1893 597 1933 ea
621 1882 711 1953 parte
725 1870 855 1943 artium,
871 1891 946 1954 quae
967 1868 1044 1931 dum
1062 1868 1183 1954 figuras
1198 1887 1289 1939 notat
1307 1898 1361 1941 au·

411 1987 547 2044 ctorum,
559 1972 694 2033 virtutes
704 1983 734 2032 et
746 1970 823 2032 vitia
834 1992 1014 2032 sermonum
1025 1969 1204 2037 luculenter
1213 1977 1360 2043 ostendit.

410 2073 507 2136 Unde
519 2073 616 2135 miror
630 2093 729 2156 quare
742 2084 907 2156 tantopere
922 2096 941 2135 a
956 2075 1123 2137 coaetaneis
1135 2078 1252 2141 nostris
1264 2079 1361 2164 negli-

410 2173 511 2260 gitur,
531 2196 633 2260 quum
660 2173 829 2236 utilissima
853 2173 906 2248 sit,
926 2188 956 2237 et
981 2176 1306 2260 compendiosissima,
1327 2195 1359 2248 et

408 2279 474 2342 fere
489 2277 530 2340 ab
541 2276 690 2339 omnibus
701 2275 910 2359 scriptoribus
922 2275 1019 2359 hujus
1030 2278 1108 2340 artis
1120 2278 1359 2365 diligentissime

408 2390 610 2468 pertractata.
656 2380 817 2452 Donatus,
834 2375 975 2452 Servius,
992 2378 1185 2457 Priscianus,
1203 2383 1358 2461 Isidorus,

408 2482 629 2555 Cassiodorus,
647 2478 736 2544 Beda
760 2489 876 2556 noster,
897 2493 929 2544 et
952 2479 1005 2542 alii
1028 2503 1124 2566 quam
1149 2482 1270 2568 plures,
1289 2510 1356 2551 eam

406 2584 523 2670 singuli
548 2595 697 2657 tractant,
721 2595 758 2645 ut
781 2582 841 2645 nisi
864 2605 903 2644 ex
927 2581 1131 2667 negligentia,
1155 2586 1266 2672 ignota
1292 2612 1358 2654 esse

406 2711 467 2752 nou
488 2691 597 2774 possit.
644 2683 865 2758 Quintilianus
886 2707 1016 2770 qnoque
1041 2686 1117 2749 dum
1142 2687 1224 2754 bano
1247 2692 1357 2770 tradit,

405 2787 502 2852 tantis
516 2788 607 2850 effert
623 2784 800 2870 praeconiis,
816 2794 855 2848 ut
867 2789 939 2850 siae
960 2789 1021 2849 ltac
1035 2809 1090 2851 aee
1104 2810 1221 2854 nomen
1239 2797 1357 2878 profor-

403 2890 503 2954 aioais
516 2892 602 2952 dicat
616 2895 761 2951 constare
778 2888 1006 2964 Grammatioo,
1022 2896 1054 2952 et
1064 2892 1202 2972 suestra
1217 2895 1264 2957 ad
1278 2899 1358 2958 artis

401 2997 554 3079 peritiam
570 2993 725 3075 aspirare.
763 2990 942 3053 Verborum
957 3005 1064 3054 autem
1081 2991 1273 3078 significatio
1287 2994 1357 3059 dili·

403 3094 533 3178 gentius
547 3091 737 3156 excutienda
753 3102 813 3162 est,
828 3101 859 3153 et
883 3089 963 3174 quid
980 3111 1083 3153 sermo
1106 3094 1242 3178 quilibet
1260 3094 1354 3171 inse,

404 3195 483 3281 quid
506 3195 548 3258 ab
570 3191 730 3278 adjunctis
754 3190 785 3253 in
807 3204 962 3254 contextu
987 3191 1098 3276 possit,
1115 3194 1265 3259 solertius
1288 3218 1354 3282 per·

403 3292 623 3366 scrutandum,
651 3304 687 3355 ut
714 3291 944 3375 sophismatum
973 3292 1114 3371 umbras,
1140 3319 1216 3382 quae
1243 3319 1352 3362 verum

402 3393 602 3465 obnubilant,
629 3393 787 3456 discutere
813 3395 923 3478 possit.
969 3395 1106 3459 Dicendi
1135 3409 1243 3463 autem
1274 3400 1353 3464 ratio

401 3494 564 3582 pensanda
579 3506 638 3572 est,
653 3515 692 3557 aa
706 3497 948 3560 circumstantia
964 3499 1132 3576 dictarum,
1144 3521 1184 3562 ea
1197 3505 1353 3584 qualitate

397 3618 558 3682 personae,
573 3618 614 3659 ea
633 3597 789 3676 qualitate
804 3597 998 3678 auditorum,
1013 3621 1052 3663 aa
1071 3601 1136 3663 loco
1150 3611 1181 3665 et
1201 3610 1351 3686 tempore,

399 3699 547 3786 aliisque,
563 3697 652 3761 vario
666 3697 772 3773 modo,
788 3698 873 3785 apud
897 3698 1079 3783 diligentem
1103 3702 1351 3788 exploratorem,

398 3802 643 3868 considerandis.
682 3802 715 3865 Si
731 3801 806 3887 quis
820 3816 926 3866 autem
940 3803 990 3866 his
1004 3802 1176 3886 diligenter
1190 3806 1352 3889 institerit,

397 3930 473 3992 quae
503 3906 656 3970 adversus
685 3905 747 3969 tria
785 3902 966 3968 intellectus
1001 3906 1155 3989 repagula
1189 3909 1352 3997 propodta

397 4023 482 4087 sunt,
494 4008 671 4095 profectum
686 4029 778 4070 suum
792 4006 823 4068 in
837 4005 962 4090 seriptis
972 4019 1003 4068 et
1017 4005 1111 4069 dictis
1123 4006 1349 4097 intelligendis,

396 4129 427 4179 et
444 4116 510 4200 ipse
525 4111 706 4186 mirabitur,
721 4123 753 4172 et
770 4107 840 4171 aliis
856 4107 1044 4171 venerabilis
1059 4112 1243 4195 apparebit.

395 4305 474 4389 Cap.
491 4310 542 4366 20.
569 4301 610 4363 In
625 4299 740 4381 quibus
757 4298 1007 4359 Grammaticum
1023 4305 1167 4378 oporteat
1188 4305 1348 4388 occupari.

438 4436 620 4498 Vsnssrnn
642 4444 673 4495 et
695 4430 779 4494 circa
804 4429 866 4492 alia
891 4428 1108 4513 grammatices
1135 4434 1295 4514 studium,
1317 4449 1346 4501 et
