2992 5592
264 803 328 862 920
525 813 664 857 rasurus
680 811 958 858 saansaaarsssrs
1056 795 1161 875 [sacr.
1178 813 1221 858 η·

267 967 331 1032 tilis
353 979 399 1029 est
422 980 453 1029 et
476 980 592 1031 acutus
614 964 702 1052 quod
725 986 779 1028 aer
801 964 829 1027 ei
852 964 956 1041 cedat,
971 988 1029 1028 nec
1051 962 1172 1050 aliquid
1193 965 1218 1026 ei

266 1066 693 1152 obstatnisiquodgrossum
704 1066 852 1150 sit,quod
863 1065 893 1128 ei
904 1066 1076 1130 terminum
1087 1077 1217 1130 statuat:

267 1193 360 1236 aures
385 1192 460 1233 vero
488 1183 520 1233 et
546 1171 653 1233 caeteri
684 1189 793 1232 sensus
823 1190 883 1231 non
915 1170 1070 1249 sentiunt,
1095 1169 1154 1232 nisi
1183 1169 1219 1231 de

267 1273 413 1358 proximo
424 1271 624 1335 obstaculum
639 1271 808 1336 inveniant.
837 1271 987 1334 Hanuas
1001 1275 1220 1335 Mancuurts.

267 1375 328 1438 Est
343 1386 449 1438 autem
465 1376 497 1436 in
514 1374 617 1459 prima
631 1388 722 1459 parte
737 1373 862 1458 capitis,
878 1371 908 1435 in
924 1371 1040 1435 cellula
1056 1395 1131 1458 quae
1146 1371 1221 1436 dici·

267 1486 321 1539 tur
346 1473 556 1559 phantastica,
581 1472 711 1558 spiritus
733 1470 864 1558 quidam
891 1470 1039 1534 subtilior
1058 1484 1089 1534 et
1112 1471 1222 1553 agilior

267 1575 382 1659 spiritu
399 1597 456 1661 per
475 1573 606 1639 arterias
620 1572 748 1636 diffuso.
793 1573 901 1649 Quum
925 1585 1033 1634 autern
1050 1572 1156 1635 anima
1171 1572 1223 1634 illo

267 1676 382 1760 spiritu
406 1686 517 1738 utatur
538 1696 597 1759 pro
618 1674 847 1736 instrumento:
881 1694 914 1734 re
936 1671 1067 1735 absente
1089 1671 1222 1735 sormam

267 1774 505 1863 comprehendit
521 1775 552 1838 in
569 1773 710 1839 materia.
750 1777 833 1838 Haec
848 1772 896 1835 vis
910 1773 1025 1836 animoe
1040 1773 1223 1859 imaginatio

267 1877 396 1940 dicitur.
440 1874 557 1939 Differt
587 1897 607 1937 a
636 1894 740 1946 sensu,
767 1873 844 1957 quia
869 1894 980 1936 sensus
1010 1895 1043 1937 re
1069 1888 1222 1958 praesente

267 1979 401 2042 formam
417 1976 657 2063 comprehendit
671 1976 703 2038 in
722 1975 862 2038 materia.
894 1974 1083 2060 imaginatio
1099 1998 1173 2037 vero
1188 1998 1221 2038 re

267 2081 409 2156 absente,
431 2093 463 2143 et
486 2084 531 2144 ita
556 2078 699 2153 confuse,
722 2077 884 2162 quianon
907 2076 1048 2140 discrete.
1097 2076 1135 2137 ln
1161 2076 1218 2139 bac

267 2181 376 2244 eadem
393 2179 508 2244 cellula
527 2202 657 2265 quoque
678 2179 811 2266 spiritus
830 2177 883 2241 ille
897 2178 933 2241 fit
953 2175 1077 2240 tenuior
1097 2191 1130 2241 et
1145 2179 1219 2242 sub

269 2283 364 2361 tilior,
389 2297 421 2348 et
451 2303 554 2366 quum
584 2306 622 2344 eo
651 2283 757 2345 anima
786 2295 909 2358 utatur,
934 2280 1052 2344 formas
1078 2281 1218 2344 materia

266 2383 426 2448 admixtas
444 2383 697 2470 comprehendit,
722 2407 779 2448 nec
801 2399 904 2448 tamen
925 2404 1030 2447 rerum
1055 2382 1218 2447 veritatem

266 2487 414 2572 percipit,
435 2486 488 2549 sed
512 2486 662 2549 discernit
683 2500 714 2549 et
737 2485 880 2571 inquirit.
925 2485 1064 2549 Materia
1086 2506 1220 2570 namque

266 2587 446 2664 contundit,
470 2610 508 2652 ne
534 2588 708 2651 formarum
734 2589 850 2651 veritas
874 2587 956 2651 circa
982 2607 1051 2648 eam
1079 2606 1218 2673 compre·

266 2690 363 2755 hendi
385 2691 493 2777 possit.
540 2692 621 2754 Haec
639 2693 688 2753 vis
709 2693 823 2755 animae
843 2689 924 2753 ratio
942 2689 1073 2764 dicitur,
1095 2704 1127 2754 et
1146 2703 1220 2754 tunc

267 2792 382 2857 cellula
396 2793 450 2857 illa
466 2791 637 2857 rationalis.

313 2896 351 2957 ln
368 2893 472 2958 media
492 2917 567 2958 vero
581 2908 672 2980 parte
691 2892 816 2980 capitis,
830 2894 861 2956 io
879 2890 993 2956 cellula
1013 2916 1087 2979 quae
1102 2892 1219 2958 dicitur

267 2993 498 3061 intellectuales
513 2996 628 3071 anima,
646 3018 746 3081 quum
764 2996 899 3081 simplex
916 3008 985 3058 tum
999 2993 1219 3072 immutabilis,

265 3098 307 3162 ad
324 3122 411 3162 suam
428 3120 557 3184 quoque
571 3097 863 3162 immutabilitatem
880 3121 913 3160 se
929 3098 1050 3183 recipit,
1066 3113 1097 3161 et
1114 3119 1218 3160 rerum

267 3200 386 3264 formas
406 3215 498 3264 extra
519 3201 682 3264 materiam
705 3199 735 3262 in
756 3222 813 3263 sua
836 3197 1099 3263 immutabilitate
1120 3200 1220 3262 consi·

267 3301 366 3366 derat.
417 3302 498 3365 Haec
518 3305 565 3366 vis
585 3301 698 3365 animae
721 3301 889 3388 disciplina
909 3313 1051 3380 vocatur,
1069 3302 1149 3387 quia
1168 3323 1221 3386 per

266 3402 464 3488 disciplinam
486 3417 519 3467 et
534 3404 709 3467 doctrinam
732 3403 773 3467 ad
789 3402 871 3467 hanc
891 3401 1064 3466 formarum
1081 3402 1220 3466 conside·

266 3505 418 3567 rationem
435 3504 571 3567 venitur.
620 3502 658 3568 In
672 3503 783 3567 eadem
805 3526 880 3567 vero
894 3502 1021 3579 cellula,
1036 3527 1103 3589 qua
1118 3505 1222 3567 anima

264 3605 381 3668 formas
404 3627 507 3668 rerum
529 3606 560 3668 in
584 3629 642 3669 sua
662 3606 865 3692 simplicitate
885 3604 1079 3681 considerat,
1099 3630 1132 3670 se
1154 3607 1220 3692 ipsa

267 3721 359 3771 utens
367 3728 426 3791 pro
434 3706 657 3783 instrumento,
668 3708 713 3772 ita
721 3708 839 3773 scilieet
851 3721 886 3774 ut
896 3705 1029 3771 sormam
1039 3709 1150 3773 circuli
1160 3729 1220 3771 non

266 3807 368 3872 solum
384 3830 403 3870 a
417 3807 551 3870 materia
565 3808 741 3887 abstrahat,
767 3833 877 3874 verum
893 3809 988 3873 etiam
1000 3823 1033 3874 et
1048 3807 1115 3874 sine
1137 3811 1221 3873 omni

267 3910 406 3998 partium
418 3909 644 3993 compositione
657 3909 827 3996 intelligat·
859 3913 941 3975 Haec
957 3915 1004 3975 vis
1014 3911 1225 3996 intelligentia

267 4012 386 4077 dieitur
408 4034 482 4098 quac
505 4008 602 4073 solius
626 4009 687 4074 Dei
711 4027 770 4088 est,
794 4026 826 4076 et
850 4028 966 4099 praeter
989 4013 1060 4078 boc.
1107 4014 1223 4077 Differt

268 4126 375 4179 autem
402 4136 421 4177 a
445 4110 624 4198 disciplina,
650 4110 728 4198 quia
754 4113 823 4177 lraec
849 4113 1092 4179 immutabiliter
1117 4136 1223 4177 rerum

266 4214 386 4278 formas
405 4227 442 4278 ut
457 4236 495 4276 ex
513 4213 659 4298 partibus
678 4214 869 4299 compositas
883 4213 1083 4288 consideret;
1113 4214 1225 4278 intelli·

265 4315 375 4398 gentia
391 4336 464 4376 vero
485 4312 550 4376 sine
565 4317 649 4377 omni
674 4316 813 4398 partium
831 4313 1060 4400 compositione
1081 4337 1223 4400 compre·

266 4415 387 4478 hendit.
