2992 5592
395 778 437 835 64
644 785 780 830 ioannis
797 779 1074 829 susosnamausrs
1215 759 1299 838 [ura.
1315 779 1347 823 11.

423 1007 502 1090 Cap.
518 1011 549 1068 2.
573 1003 626 1067 De
639 1009 722 1067 aceto
737 1003 1029 1084 peripateticorum,
1045 1006 1075 1062 ct
1090 1004 1166 1061 ortu
1181 994 1327 1078 Lagtm,

735 1113 767 1167 et
783 1104 852 1183 ejus
868 1109 1007 1165 auctore.

442 1253 768 1316 Paarearurrcoauu
789 1247 863 1312 hinc
882 1262 953 1311 orta
967 1260 1013 1310 est
1030 1259 1127 1324 secta,
1143 1271 1218 1334 qua
1234 1247 1266 1311 in
1282 1270 1351 1334 cog·

397 1354 518 1418 uitione
547 1352 626 1428 veri,
656 1373 815 1414 summum
847 1350 965 1413 bonum
996 1351 1072 1413 vitae
1107 1348 1260 1413 humanae
1288 1372 1351 1412 esse

397 1453 576 1520 constituit.
628 1452 781 1516 Omnium
811 1475 888 1537 ergo
917 1473 1022 1514 rerum
1060 1463 1191 1514 naturas
1222 1450 1351 1515 scrutati

398 1569 485 1632 sunt,
508 1568 545 1620 ut
565 1554 691 1630 scirent,
711 1552 790 1640 quid
810 1551 842 1615 in
865 1550 1013 1614 omnibus
1033 1551 1130 1616 rebus
1153 1551 1352 1637 fugiendum,

397 1673 551 1747 tanquam
572 1657 703 1734 malum,
718 1656 798 1737 quid
819 1655 1097 1734 contemnendum,
1112 1668 1267 1741 tanquam
1292 1677 1350 1717 non

398 1763 530 1841 bonum,
552 1760 632 1847 quid
655 1759 840 1847 petendum,
862 1771 897 1822 ut
921 1756 1107 1844 simpliciter
1127 1757 1261 1832 bonum,
1277 1755 1353 1843 quid

399 1863 647 1951 praeferendum,
674 1875 710 1926 ut
737 1860 838 1946 magis
869 1859 998 1938 bonum,
1025 1858 1082 1945 qui
1109 1882 1151 1923 ex
1178 1883 1254 1923 casu
1282 1859 1353 1923 boui

401 1985 515 2027 nornen
544 1963 708 2038 sortiatur,
734 1975 791 2026 aut
817 1960 902 2024 mali.
947 1963 1043 2024 Natae
1072 1973 1147 2024 sunt
1177 1981 1255 2046 ergo
1284 1959 1354 2023 dum

402 2076 511 2150 partes
534 2062 762 2147 Philosophia,
781 2061 946 2135 naturalis,
968 2075 1000 2126 et
1024 2060 1161 2140 moralis,
1181 2085 1268 2148 qua,
1289 2060 1356 2125 aliis

402 2163 594 2243 nominihus,
611 2162 746 2248 Physica
761 2176 793 2227 et
810 2163 927 2227 Ethica
941 2162 1154 2249 appellantur.
1202 2163 1265 2227 Sed
1281 2163 1357 2250 quia

403 2287 459 2351 per
473 2264 664 2350 imperitiam
681 2262 870 2335 disserendi,
887 2262 989 2326 multa
1004 2263 1257 2327 inconvenientia
1271 2263 1356 2327 colii-

402 2366 532 2453 gebaut‚
549 2366 643 2431 sicuti
660 2365 822 2452 Epicurus
837 2366 894 2452 qui
909 2390 949 2429 ex
965 2366 1091 2438 atomis,
1107 2379 1138 2430 et
1155 2366 1252 2445 inani,
1268 2388 1357 2430 mun-

402 2467 493 2544 dum,
523 2467 589 2531 sine
615 2481 746 2532 auctore
776 2470 861 2545 Deo,
890 2465 1075 2531 constituit:
1103 2482 1135 2532 et
1164 2468 1275 2537 Stoici,
1301 2467 1355 2554 qui

403 2567 568 2632 materiam
590 2571 660 2633 Deo
681 2567 843 2652 lingebant
867 2580 1076 2631 coaeternam:
1104 2582 1136 2633 et
1159 2568 1265 2632 omnia
1287 2593 1356 2655 pec·

403 2684 475 2735 cata
497 2670 650 2758 aequalia:
675 2694 801 2735 necesse
821 2669 884 2733 suit
904 2669 1098 2755 investigari,
1115 2684 1146 2734 et
1162 2671 1357 2757 promulgari

404 2774 577 2856 scientiam,
600 2799 673 2861 quae
696 2773 916 2837 discretionem
938 2772 1055 2838 faceret
1077 2795 1188 2837 vocum
1212 2787 1243 2838 et
1268 2773 1359 2838 intel·

405 2874 558 2952 lectuum,
589 2890 621 2940 et
650 2875 846 2939 fallaciarum
879 2875 1052 2939 nubeculas
1082 2876 1261 2963 dissiparet.
1315 2878 1358 2941 Et

406 2976 459 3041 hic
482 2977 624 3063 quidem,
653 2980 734 3041 sicut
766 2976 922 3040 Boethius
952 2977 984 3038 iu
1014 2990 1196 3041 commento
1223 2977 1360 3041 secundo

406 3100 505 3166 super
531 3080 747 3167 Porphyrium
775 3081 899 3158 asserit,
925 3091 972 3142 est
997 3093 1089 3143 ortus
1113 3080 1243 3164 Logicm
1268 3080 1359 3144 disci·

408 3181 514 3268 plinae.
560 3183 712 3269 Oportuit
734 3183 818 3245 enim
839 3204 905 3244 esse
928 3180 1102 3259 scientiam,
1123 3205 1198 3268 qum
1214 3206 1323 3248 verum
1343 3204 1362 3246 a

407 3284 489 3347 falso
510 3284 716 3361 discerneret,
740 3298 772 3348 et
790 3283 915 3348 doceret
939 3307 1012 3370 quae
1035 3284 1236 3349 ratiocinatio
1256 3307 1361 3350 reram

408 3397 516 3450 teneat
536 3387 680 3450 semitam
700 3386 899 3472 disputandi,
914 3411 989 3474 quae
1010 3388 1225 3468 verisimilem,
1241 3402 1274 3455 et
1289 3412 1361 3477 quae

408 3487 484 3551 ficta
513 3486 566 3564 sit,
596 3499 629 3551 ct
660 3510 734 3572 quae
763 3488 880 3554 debeat
914 3513 981 3555 esse
1012 3504 1179 3576 suspecta:
1218 3492 1362 3580 alioquin

410 3589 539 3669 veritas,
549 3611 606 3675 per
617 3588 834 3655 ratiocinantis
849 3614 989 3680 operam,
1001 3617 1062 3658 non
1079 3608 1205 3682 poterat
1220 3596 1361 3662 inveniri.

407 3693 454 3758 Et
470 3689 543 3754 licet
559 3690 765 3755 Parmenides
781 3692 959 3779 AEgyptius
981 3695 1013 3758 in
1037 3718 1116 3780 rupe
1132 3695 1232 3760 vitam
1249 3697 1362 3784 egerit,

411 3806 449 3858 ut
478 3792 616 3857 rationes
642 3792 776 3878 Logices
803 3792 969 3872 inveniret,
997 3807 1045 3860 tot
1071 3810 1103 3860 et
1130 3809 1238 3862 tantos
1265 3796 1362 3862 studii

408 3893 522 3959 habuit
545 3915 750 3975 successores,
764 3908 801 3960 ut
821 3896 851 3958 ci
872 3895 1062 3961 inventionis
1085 3920 1164 3974 sure,
1180 3911 1282 3963 totam
1298 3899 1363 3963 fere

408 3999 634 4086 praeripuerint
654 3997 801 4085 gloriam.
846 3998 998 4064 Tradunt
1018 4023 1095 4084 ergo
1111 3999 1280 4085 Apuleius,
1297 4003 1365 4065 Au-

408 4103 569 4188 gustinus,
585 4116 616 4167 et
636 4102 791 4176 Isidorus,
806 4101 895 4187 quod
917 4101 1011 4167 Plato
1032 4102 1276 4190 Philosophiam
1296 4126 1367 4192 per-

409 4204 520 4270 fecisse
557 4205 719 4280 laudatur,
759 4203 915 4288 Physicae,
953 4228 1050 4291 quam
1089 4206 1302 4292 Pythagoras,
1334 4218 1365 4271 et

411 4307 548 4385 Ethicae,
578 4330 675 4393 quam
707 4310 863 4370 Isocrates
899 4309 993 4392 plene
1020 4306 1186 4386 docuerat,
1216 4309 1366 4396 adjiciens

411 4410 574 4493 logicam,
590 4428 760 4494 perquam
782 4406 931 4474 discussis
946 4432 1051 4474 rerum
1069 4431 1262 4497 morumque
1276 4435 1365 4477 caus-
