2992 5592
278 824 447 902 manu]
633 841 876 890 muratoatcus.
1195 838 1235 895 36

277 1014 342 1056 eam
366 991 605 1077 philosophari,
628 1014 725 1077 quam
747 992 831 1057 inter
863 995 1068 1081 philosophos
1083 999 1231 1080 eminere,

277 1091 330 1176 qui
346 1110 473 1176 semper
489 1112 595 1154 caecua
609 1103 640 1154 et
656 1092 773 1157 surdus
788 1093 861 1159 suit.

285 1275 362 1360 Cap.
382 1276 432 1338 14.
456 1276 554 1350 Quod
567 1280 650 1358 ipsa,
666 1281 725 1341 atei
740 1284 903 1345 naturalia
918 1303 981 1346 non
996 1288 1050 1360 ait,
1065 1297 1222 1351 naturam

671 1380 828 1445 imitatur.

317 1495 494 1558 Carnium
510 1515 611 1580 quum
627 1494 696 1558 hoec
710 1495 752 1559 ad
766 1495 918 1581 placitum
934 1499 988 1576 sit,
1003 1522 1065 1563 non
1081 1524 1100 1564 a
1116 1512 1230 1568 natura

275 1595 401 1661 videtur
416 1616 484 1659 esse
499 1595 663 1679 profecta;
688 1594 846 1682 siquidem
861 1599 1023 1664 naturalia
1032 1601 1142 1665 eadem
1154 1618 1229 1669 tunt

277 1695 362 1783 apud
377 1719 498 1774 omnes,
515 1697 584 1759 hoec
608 1709 714 1760 autem
737 1696 824 1781 apud
840 1719 950 1761 omnes
964 1720 1026 1762 non
1046 1702 1155 1765 eadem
1171 1717 1229 1770 eat.

277 1798 404 1862 Artium
434 1819 511 1861 vero
538 1810 671 1861 matrem
701 1794 848 1879 superius
870 1795 1036 1861 collectum
1067 1815 1129 1876 est,
1158 1825 1224 1867 ecee

276 1911 442 1962 naturam:
487 1897 541 1961 sed
582 1897 656 1961 lieet
696 1896 765 1959 haec
802 1895 1015 1980 aliquatenus,
1056 1900 1154 1965 immo
1186 1927 1225 1968 ex

275 1998 411 2063 maxima
433 2011 525 2084 parte
548 1999 589 2062 ab
613 1998 778 2060 hominum
806 1997 1006 2062 institutione
1029 2004 1227 2085 processerit,

275 2116 420 2167 naturam
432 2114 539 2165 tamen
554 2100 710 2180 imitatur,
724 2114 755 2163 et
768 2122 827 2186 pro
838 2113 929 2182 parte
938 2102 979 2166 ab
994 2103 1063 2189 ipsa
1073 2105 1227 2188 originem

275 2200 375 2278 ducit,
391 2201 485 2285 eique
500 2202 532 2263 in
545 2200 703 2275 omnibus,
726 2219 885 2281 quantum
901 2214 1017 2285 potest,
1033 2203 1140 2270 studet
1159 2229 1228 2271 ease

274 2301 462 2366 conformis:
482 2301 566 2364 unde
575 2314 607 2365 et
616 2301 657 2365 ad
669 2301 739 2385 ejus
750 2303 1037 2380 nutum,vocalium
1049 2325 1228 2387 numerum,

275 2400 361 2489 apud
388 2423 498 2464 omnes
519 2414 641 2486 gentes,
664 2413 822 2487 quantum
846 2401 885 2464 ad
916 2401 1071 2467 elementa
1093 2420 1228 2490 spectat,

275 2501 422 2587 quinario
445 2500 590 2566 inclusit:
623 2522 694 2563 nam
726 2500 812 2584 apud
840 2498 1019 2585 plerosque,
1049 2502 1226 2586 figurarum

275 2623 428 2666 numerus
450 2600 657 2686 multiplicior
678 2613 736 2665 est.
786 2602 953 2664 teuredus
982 2615 1087 2664 tamen
1110 2621 1227 2685 noster,

274 2702 501 2787 grammaticus
517 2698 648 2766 scientia
662 2723 759 2786 quam
780 2701 929 2787 opinione
943 2702 1115 2786 potentior,
1131 2708 1225 2769 etiam

271 2802 304 2866 iu
313 2803 399 2867 sonis
408 2801 619 2866 elementariis
629 2801 815 2886 ampliorem
831 2822 997 2865 numerum
1008 2802 1223 2870 convincebat.

273 2905 305 2968 Si
320 2905 404 2968 enim
414 2903 625 2968 attendantur
636 2925 750 2967 vocum
764 2908 814 2982 (ut
824 2903 883 2984 ait)
895 2903 1094 2983 differentiae,
1104 2920 1223 2991 septem

274 3016 357 3069 aunt.
390 3005 428 3069 ln
443 3001 521 3091 ipsis
530 3025 660 3091 quoque
675 3003 934 3076 consonantibus,
948 3002 1090 3066 diversas
1106 3005 1226 3089 species

275 3106 507 3171 semivocalium
517 3118 549 3170 et
560 3117 735 3181 mutarum,
746 3104 824 3169 item
834 3101 1228 3189 simpliciumduplicium-

274 3228 350 3293 que,
366 3218 478 3271 natura
491 3205 662 3270 formavit:
686 3225 823 3290 quarum
848 3201 1059 3265 differentiam
1080 3217 1227 3289 patenter

274 3307 464 3385 advertit,ti
485 3311 559 3396 quia
581 3306 727 3371 attendat
750 3326 816 3380 ora,
840 3302 978 3367 mirabili
1000 3303 1070 3390 lege
1090 3319 1225 3386 nature,

274 3409 470 3474 modulantia
485 3429 591 3485 voces,
607 3423 639 3472 et
656 3419 845 3492 potestatem
862 3427 970 3468 earum
982 3406 1093 3471 subtili
1107 3409 1226 3473 exami-

272 3513 399 3576 natione
409 3510 595 3596 perpendat.
641 3508 858 3594 lpsaquoque
871 3505 1036 3572 nominum
1047 3509 1224 3595 impositio,

270 3611 469 3698 aliarumque
475 3610 728 3688 dictionum,etai
734 3608 866 3672 arbitrio
878 3608 1223 3694 humanoproceeaerit,

271 3724 395 3775 naturoe
415 3708 653 3796 quodammodo
673 3707 813 3773 obnoxia
834 3721 893 3786 eet,
908 3730 1003 3793 quam
1019 3730 1079 3793 pro
1094 3710 1239 3800 modulo,

270 3833 326 3875 mo
334 3809 545 3898 probabiliter
553 3808 709 3873 imitatur.
733 3809 842 3871 Homo
851 3809 933 3871 enim
947 3807 988 3873 ad
1000 3811 1222 3896 exequendum

270 3910 387 3976 divinoe
410 3909 655 3996 dispensationis
684 3908 845 3987 effectum,
867 3920 899 3972 et
929 3909 968 3971 ad
993 3909 1224 3976 instituendum

268 4012 351 4078 inter
366 4011 512 4076 homines
527 4011 615 4075 verbi
630 4011 866 4086 commercium,
882 4011 979 4097 rebus
992 4011 1038 4074 eis
1052 4012 1156 4098 primo
1171 4036 1226 4075 vo·

268 4113 384 4180 cabula
397 4113 529 4192 indidit,
551 4135 625 4199 quae
647 4111 873 4198 praejacebant,
897 4124 1020 4175 naturae
1041 4134 1137 4174 manu
1161 4113 1225 4175 l'or·

268 4227 375 4294 matae,
393 4227 427 4278 et
447 4235 529 4300 quas
551 4212 618 4290 illa,
636 4212 686 4276 vel
701 4236 740 4276 ex
763 4225 904 4299 quatuor
927 4211 1101 4289 elementis,
1120 4211 1225 4273 velex

266 4314 400 4381 materia
417 4313 461 4378 'et
488 4315 601 4391 forma,
623 4326 827 4399 compegerat
851 4324 883 4374 et
904 4311 1108 4382 distinxerat,
1125 4323 1161 4373 ut
1176 4333 1225 4374 ra-

266 4407 391 4479 tionalis
419 4425 575 4477 creaturae
598 4427 723 4500 possent
748 4410 892 4476 sensibus
921 4409 1027 4493 objici,
1051 4429 1225 4495 earumque

721 4520 778 4574 οἳ
1203 4518 1207 4525 ’
