2992 5592
164 782 314 869 roomo]
509 801 748 851 uarssooscus.
1054 787 1116 851 llo

161 954 298 1040 positum
315 951 452 1021 habebit
467 951 699 1030 authenticum,
714 979 752 1019 co
766 955 853 1042 quod
870 956 950 1021 illud
966 958 1116 1023 Coriscus

163 1054 267 1120 Brimo
283 1052 438 1142 protulit,
449 1065 506 1117 aut
522 1053 683 1131 Melissus,
695 1078 787 1142 seque
801 1076 909 1122 omnes
924 1057 1037 1144 ignoti,
1055 1056 1114 1121 nisi

160 1167 318 1240 quatenus
355 1155 399 1219 ab
429 1156 604 1219 Aristotele
642 1155 778 1242 exempli
813 1157 930 1242 gratia,
960 1157 1113 1224 nominati

159 1258 256 1319 sunt?
295 1258 342 1320 Et
354 1253 437 1320 illud
446 1253 531 1318 idem
543 1253 737 1341 reprobabit,
748 1258 1116 1344 eoquodaGilleberto,

160 1354 351 1432 Abaelardo,
376 1367 409 1420 et
431 1354 533 1419 Adam
553 1366 674 1445 nostro,
697 1356 738 1421 sit
754 1357 944 1444 prolatum?
989 1359 1115 1446 Utique

159 1479 217 1522 oon
241 1479 314 1522 sum
338 1457 457 1534 exeis,
481 1456 537 1544 qui
559 1455 643 1520 bona
666 1458 817 1545 temporis
839 1460 888 1525 sui
911 1459 1058 1536 oderunt,
1081 1473 1114 1526 et

159 1572 334 1624 oooetaneoa
364 1580 440 1624 suos
475 1553 638 1622 invideant
668 1557 890 1622 commendare
926 1559 1113 1645 posteritati.

160 1663 262 1727 Nemo
284 1671 478 1734 nostrorum,
502 1680 598 1744 quem
630 1657 781 1739 noverim,
803 1659 938 1722 asseruit
963 1659 1112 1746 quoniam

158 1785 216 1829 uon
232 1774 282 1829 est
297 1761 526 1836 contradicere,
540 1772 598 1825 aut
620 1758 707 1845 quod
724 1758 844 1824 moveri
860 1782 920 1823 non
945 1760 1113 1846 contingit,

158 1877 211 1930 aut
242 1862 384 1929 stadium
415 1861 617 1947 pertransire,
648 1875 705 1926 aut
735 1863 812 1947 quia
842 1874 926 1926 terra
955 1872 1112 1938 movetur,

158 1964 307 2052 quoniam
329 1962 439 2028 omnia
460 1961 634 2027 secundum
667 1964 866 2028 Heraclitum
890 1964 1008 2028 moveri
1038 1986 1111 2029 con-

160 2066 274 2153 tiagit:
299 2065 357 2152 qui
380 2065 463 2130 sicut
485 2063 530 2129 ait
555 2065 745 2141 Martianus,
769 2069 862 2131 ardet
884 2070 958 2131 datm
976 2075 1060 2131 totus
1074 2070 1110 2131 in

158 2170 231 2255 ipssa
244 2177 301 2249 est,
315 2190 355 2232 ex
378 2191 445 2255 quo
459 2166 566 2231 omnia
589 2167 836 2252 primordialiter
854 2171 1028 2256 composita
1042 2192 1109 2234 esse

158 2268 331 2336 contendit.
378 2270 424 2334 Et
453 2268 504 2335 he
526 2267 656 2355 quidem
683 2283 821 2356 acceptae
848 2285 922 2336 sunt
945 2272 1109 2358 opiniones

159 2385 316 2449 veterum,
337 2393 376 2436 eo
398 2370 468 2457 ipso
489 2368 576 2457 quod
600 2382 739 2435 veteres:
764 2385 795 2435 et
819 2386 997 2438 nostrorum
1016 2374 1108 2459 longe

159 2471 400 2560 probabiliores,
422 2484 453 2538 et
478 2470 647 2548 fideliores,
667 2496 705 2535 eo
719 2473 807 2558 quod
825 2487 1005 2540 nostrorum
1023 2494 1109 2556 sunt,

158 2574 381 2663 reprobantur.
427 2573 524 2640 Dicat
540 2573 762 2660 unusquisque
781 2574 869 2661 quod
885 2578 991 2641 sentit.
1037 2580 1109 2662 Ego

158 2675 215 2742 hoe
228 2677 273 2742 ab
294 2674 416 2741 invidia
433 2675 623 2762 plerumque
639 2675 777 2741 arbitror
792 2677 973 2762 provenire:
1006 2701 1106 2764 quum

160 2777 380 2865 unusquisque
409 2776 440 2841 in
463 2801 501 2842 eo
524 2800 591 2844 susc
614 2791 740 2863 reputet
766 2776 966 2863 derogatum,
988 2777 1020 2841 in
1043 2800 1109 2866 quo

157 2880 278 2977 aliquid
293 2879 383 2945 laudi
397 2879 547 2948 collatum
564 2894 612 2944 est
627 2879 748 2946 alienae.
794 2880 852 2945 Ast
872 2904 932 2966 ego
947 2880 1107 2967 propriam

157 2982 288 3071 gloriam
308 3004 371 3048 non
393 2981 517 3059 affecto,
541 2980 595 3045 sed
615 2981 734 3046 illiusa
757 3004 823 3067 quo
844 2995 891 3045 est
907 2981 1059 3067 quicquid
1075 2983 1107 3046 in

157 3107 216 3166 me,
229 3085 280 3151 rel
303 3086 335 3150 in
351 3082 421 3150 aliis
442 3081 560 3149 bonum
577 3096 635 3149 est.
681 3084 726 3146 Et
741 3083 867 3147 illorum
890 3081 1040 3146 honorem
1057 3084 1110 3147 de-

158 3186 273 3267 sidem,
295 3187 351 3276 qui
374 3184 453 3251 mihi
482 3183 688 3270 contuleruut
712 3181 874 3247 modicum
905 3180 997 3257 illud,
1021 3184 1109 3268 quod

156 3287 219 3354 scio
233 3289 286 3355 vel
302 3289 427 3376 opinor,
448 3288 600 3373 quoniam
622 3285 821 3350 academicus
842 3306 934 3349 sum:
959 3284 1109 3374 idemque

155 3390 214 3457 mei
236 3387 403 3479 profectus
424 3409 488 3454 non
517 3386 671 3453 erubesco
694 3385 826 3450 laudare
856 3400 1014 3453 auctores.
1063 3394 1108 3458 Ut

155 3492 237 3556 euim
253 3492 300 3557 ait
317 3488 451 3569 Plinius,
473 3490 548 3552 boni
568 3491 694 3572 imperiii
712 3487 886 3553 laudabilis·
907 3493 1030 3556 indoles
1051 3503 1108 3569 eat,

153 3612 315 3678 parquos
335 3594 520 3676 profeceris,
541 3594 695 3674 confiteri.
742 3589 796 3653 Illi
817 3613 946 3679 quoque
969 3594 1025 3680 qui
1049 3593 1108 3658 hoc

155 3692 258 3780 ipsum
275 3691 407 3757 nuncin
424 3713 474 3754 mc
495 3705 643 3777 carpunt,
658 3689 864 3777 quandoque,
880 3707 1010 3758 auctore
1027 3692 1107 3768 Deo,

155 3795 310 3861 bonorum
328 3792 548 3858 laudabuntur
562 3801 716 3869 auctores,
742 3796 819 3880 quia
834 3818 887 3858 eos
902 3795 1030 3860 virtutis
1045 3821 1107 3862 ma-

154 3912 203 3962 oet
228 3894 346 3984 gloria,
369 3908 401 3961 et
423 3893 576 3959 beneficio
599 3894 760 3981 temporis,
783 3918 961 3961 coaevorum
990 3896 1109 3963 invidia

152 4011 329 4064 ermescet.
374 3997 463 4082 Ergo
485 3993 636 4083 procedat
656 4000 767 4073 oratio,
789 4009 822 4062 et
844 4021 917 4084 quoe
932 4000 1109 4085 antiquatae

156 4112 324 4166 occurrent
346 4101 507 4164 memoriae
521 4097 562 4162 de
580 4096 799 4164 adolescentiae
815 4100 942 4176 studiis,
959 4100 1109 4183 quoniam

151 4201 296 4287 jucunda
310 4213 389 4265 aetaa
404 4198 443 4263 ad
461 4211 596 4263 meatem
610 4198 787 4281 reducitur,
802 4199 1022 4287 compendiose
1038 4220 1108 4283 per·

154 4318 260 4371 currat
277 4303 336 4391 qui
352 4323 420 4385 proe
435 4301 569 4380 caeteris,
584 4315 617 4367 et
629 4306 769 4390 qualiter
780 4298 906 4386 legendi
923 4297 1107 4386 suntnalacri

156 4400 454 4472 commemoratione
477 4402 650 4469 revolvens.
697 4406 778 4480 Qum
799 4424 872 4464 vero
888 4398 1109 4485 praetermiasa,

604 4511 652 4568 12
