<?xml version="1.0" encoding="UTF-8"?>
<!DOCTYPE html PUBLIC "-//W3C//DTD XHTML 1.0 Transitional//EN"
    "http://www.w3.org/TR/xhtml1/DTD/xhtml1-transitional.dtd">
<html xmlns="http://www.w3.org/1999/xhtml" xml:lang="en" lang="en">
 <head>
  <title>
</title>
<meta http-equiv="Content-Type" content="text/html;charset=utf-8" />
  <meta name='ocr-system' content='tesseract 3.04.00' />
  <meta name='ocr-capabilities' content='ocr_page ocr_carea ocr_par ocr_line ocrx_word'/>
</head>
<body>
  <div class='ocr_page' id='page_1' title='image "./joannissaresber15johngoog_0092.png"; bbox 0 0 2992 5592; ppageno 0'>
   <div class='ocr_carea' id='block_1_1' title="bbox 426 798 1373 878">
    <p class='ocr_par' dir='ltr' id='par_1_1' title="bbox 426 798 1373 878">
     <span class='ocr_line' id='line_1_1' title="bbox 426 798 1373 878; baseline -0.005 -9"><span class='ocrx_word' id='word_1_1' title='bbox 426 809 467 869; x_wconf 85' lang='grc'><strong>78</strong></span> <span class='ocrx_word' id='word_1_2' title='bbox 670 820 807 864; x_wconf 70' lang='lat' dir='ltr'><strong>ioannis</strong></span> <span class='ocrx_word' id='word_1_3' title='bbox 822 799 1100 862; x_wconf 75' lang='lat' dir='ltr'><strong>sinusanrnansrs</strong></span> <span class='ocrx_word' id='word_1_4' title='bbox 1244 798 1325 878; x_wconf 81' lang='lat' dir='ltr'><strong>[mn.</strong></span> <span class='ocrx_word' id='word_1_5' title='bbox 1340 819 1373 864; x_wconf 90' lang='lat' dir='ltr'><strong>n.</strong></span> 
     </span>
    </p>
   </div>
   <div class='ocr_carea' id='block_1_2' title="bbox 420 967 1382 2267">
    <p class='ocr_par' dir='ltr' id='par_1_2' title="bbox 420 967 1382 2267">
     <span class='ocr_line' id='line_1_2' title="bbox 421 967 1374 1057; baseline -0.002 -23"><span class='ocrx_word' id='word_1_6' title='bbox 421 971 655 1057; x_wconf 87' lang='lat' dir='ltr'><strong>pertinentibus</strong></span> <span class='ocrx_word' id='word_1_7' title='bbox 663 969 703 1033; x_wconf 91' lang='lat' dir='ltr'><strong>ad</strong></span> <span class='ocrx_word' id='word_1_8' title='bbox 715 968 892 1054; x_wconf 77' lang='lat' dir='ltr'><strong>physicam,</strong></span> <span class='ocrx_word' id='word_1_9' title='bbox 902 990 986 1053; x_wconf 83' lang='lat' dir='ltr'><strong>soepe</strong></span> <span class='ocrx_word' id='word_1_10' title='bbox 996 967 1162 1054; x_wconf 90' lang='lat' dir='ltr'><strong>loquatur,</strong></span> <span class='ocrx_word' id='word_1_11' title='bbox 1175 977 1210 1030; x_wconf 90' lang='lat' dir='ltr'><strong>et</strong></span> <span class='ocrx_word' id='word_1_12' title='bbox 1220 967 1374 1033; x_wconf 87' lang='lat' dir='ltr'><strong>multum?</strong></span> 
     </span>
     <span class='ocr_line' id='line_1_3' title="bbox 425 1068 1376 1158; baseline -0.001 -22"><span class='ocrx_word' id='word_1_13' title='bbox 425 1072 486 1136; x_wconf 87' lang='lat' dir='ltr'><strong>Sed</strong></span> <span class='ocrx_word' id='word_1_14' title='bbox 504 1072 560 1158; x_wconf 93' lang='lat' dir='ltr'><strong>qni</strong></span> <span class='ocrx_word' id='word_1_15' title='bbox 575 1072 616 1136; x_wconf 86' lang='lat' dir='ltr'><strong>ad</strong></span> <span class='ocrx_word' id='word_1_16' title='bbox 638 1072 697 1134; x_wconf 93' lang='lat' dir='ltr'><strong>boc</strong></span> <span class='ocrx_word' id='word_1_17' title='bbox 719 1069 920 1150; x_wconf 77' lang='lat' dir='ltr'><strong>convalescit,</strong></span> <span class='ocrx_word' id='word_1_18' title='bbox 941 1068 1043 1154; x_wconf 90' lang='lat' dir='ltr'><strong>magis</strong></span> <span class='ocrx_word' id='word_1_19' title='bbox 1063 1082 1193 1155; x_wconf 88' lang='lat' dir='ltr'><strong>poterat</strong></span> <span class='ocrx_word' id='word_1_20' title='bbox 1214 1083 1376 1156; x_wconf 71' lang='lat' dir='ltr'><strong>aegrotare.</strong></span> 
     </span>
     <span class='ocr_line' id='line_1_4' title="bbox 424 1169 1377 1256; baseline -0.001 -18"><span class='ocrx_word' id='word_1_21' title='bbox 424 1176 503 1252; x_wconf 87' lang='lat' dir='ltr'><strong>Quis</strong></span> <span class='ocrx_word' id='word_1_22' title='bbox 515 1173 640 1238; x_wconf 85' lang='lat' dir='ltr'><strong>ethicus</strong></span> <span class='ocrx_word' id='word_1_23' title='bbox 651 1195 775 1237; x_wconf 88' lang='lat' dir='ltr'><strong>morum</strong></span> <span class='ocrx_word' id='word_1_24' title='bbox 793 1171 924 1256; x_wconf 89' lang='lat' dir='ltr'><strong>regulis,</strong></span> <span class='ocrx_word' id='word_1_25' title='bbox 936 1171 1014 1234; x_wconf 89' lang='lat' dir='ltr'><strong>dum</strong></span> <span class='ocrx_word' id='word_1_26' title='bbox 1031 1169 1062 1233; x_wconf 89' lang='lat' dir='ltr'><strong>in</strong></span> <span class='ocrx_word' id='word_1_27' title='bbox 1079 1169 1193 1255; x_wconf 90' lang='lat' dir='ltr'><strong>lingua</strong></span> <span class='ocrx_word' id='word_1_28' title='bbox 1204 1186 1377 1252; x_wconf 78' lang='lat' dir='ltr'><strong>versantur,</strong></span> 
     </span>
     <span class='ocr_line' id='line_1_5' title="bbox 421 1269 1376 1360; baseline -0.001 -21"><span class='ocrx_word' id='word_1_29' title='bbox 421 1298 485 1340; x_wconf 90' lang='lat' dir='ltr'><strong>non</strong></span> <span class='ocrx_word' id='word_1_30' title='bbox 498 1276 663 1341; x_wconf 83' lang='lat' dir='ltr'>abundat?</span> <span class='ocrx_word' id='word_1_31' title='bbox 697 1273 760 1340; x_wconf 87' lang='lat' dir='ltr'><strong>Sed</strong></span> <span class='ocrx_word' id='word_1_32' title='bbox 777 1272 871 1357; x_wconf 88' lang='lat' dir='ltr'><strong>plane</strong></span> <span class='ocrx_word' id='word_1_33' title='bbox 886 1272 980 1358; x_wconf 87' lang='lat' dir='ltr'><strong>longe</strong></span> <span class='ocrx_word' id='word_1_34' title='bbox 991 1269 1153 1337; x_wconf 88' lang='lat' dir='ltr'><strong>difficilius</strong></span> <span class='ocrx_word' id='word_1_35' title='bbox 1164 1286 1213 1336; x_wconf 85' lang='lat' dir='ltr'><strong>est</strong></span> <span class='ocrx_word' id='word_1_36' title='bbox 1227 1276 1376 1360; x_wconf 88' lang='lat' dir='ltr'><strong>ntexpri·</strong></span> 
     </span>
     <span class='ocr_line' id='line_1_6' title="bbox 422 1373 1377 1462; baseline -0.002 -21"><span class='ocrx_word' id='word_1_37' title='bbox 422 1393 549 1442; x_wconf 78' lang='lat' dir='ltr'><strong>mantnt</strong></span> <span class='ocrx_word' id='word_1_38' title='bbox 563 1378 595 1441; x_wconf 93' lang='lat' dir='ltr'><strong>in</strong></span> <span class='ocrx_word' id='word_1_39' title='bbox 614 1377 690 1442; x_wconf 89' lang='lat' dir='ltr'><strong>vita.</strong></span> <span class='ocrx_word' id='word_1_40' title='bbox 734 1375 913 1440; x_wconf 87' lang='lat' dir='ltr'><strong>Mecbanici</strong></span> <span class='ocrx_word' id='word_1_41' title='bbox 929 1375 1069 1462; x_wconf 86' lang='lat' dir='ltr'><strong>opifices,</strong></span> <span class='ocrx_word' id='word_1_42' title='bbox 1085 1373 1180 1438; x_wconf 81' lang='lat' dir='ltr'><strong>facile</strong></span> <span class='ocrx_word' id='word_1_43' title='bbox 1195 1375 1314 1460; x_wconf 80' lang='lat' dir='ltr'><strong>singuli</strong></span> <span class='ocrx_word' id='word_1_44' title='bbox 1335 1375 1377 1439; x_wconf 87' lang='lat' dir='ltr'><strong>io·</strong></span> 
     </span>
     <span class='ocr_line' id='line_1_7' title="bbox 421 1475 1376 1564; baseline -0.004 -21"><span class='ocrx_word' id='word_1_45' title='bbox 421 1491 568 1564; x_wconf 82' lang='lat' dir='ltr'><strong>qnuntur</strong></span> <span class='ocrx_word' id='word_1_46' title='bbox 590 1478 631 1541; x_wconf 90' lang='lat' dir='ltr'><strong>de</strong></span> <span class='ocrx_word' id='word_1_47' title='bbox 653 1477 775 1540; x_wconf 86' lang='lat' dir='ltr'><strong>artibus</strong></span> <span class='ocrx_word' id='word_1_48' title='bbox 798 1475 874 1552; x_wconf 82' lang='lat' dir='ltr'><strong>suis,</strong></span> <span class='ocrx_word' id='word_1_49' title='bbox 898 1475 952 1539; x_wconf 88' lang='lat' dir='ltr'><strong>sed</strong></span> <span class='ocrx_word' id='word_1_50' title='bbox 979 1498 1072 1539; x_wconf 90' lang='lat' dir='ltr'><strong>nemo</strong></span> <span class='ocrx_word' id='word_1_51' title='bbox 1094 1498 1206 1540; x_wconf 89' lang='lat' dir='ltr'><strong>eorum</strong></span> <span class='ocrx_word' id='word_1_52' title='bbox 1230 1492 1295 1540; x_wconf 91' lang='lat' dir='ltr'><strong>tam</strong></span> <span class='ocrx_word' id='word_1_53' title='bbox 1318 1476 1376 1540; x_wconf 81' lang='lat' dir='ltr'><strong>lesi</strong></span> 
     </span>
     <span class='ocr_line' id='line_1_8' title="bbox 420 1576 1378 1666; baseline -0.001 -24"><span class='ocrx_word' id='word_1_54' title='bbox 420 1601 518 1666; x_wconf 88' lang='lat' dir='ltr'><strong>opera</strong></span> <span class='ocrx_word' id='word_1_55' title='bbox 539 1579 749 1642; x_wconf 77' lang='lat' dir='ltr'><strong>architectum</strong></span> <span class='ocrx_word' id='word_1_56' title='bbox 775 1590 913 1654; x_wconf 85' lang='lat' dir='ltr'><strong>exercet,</strong></span> <span class='ocrx_word' id='word_1_57' title='bbox 934 1590 991 1640; x_wconf 92' lang='lat' dir='ltr'><strong>aut</strong></span> <span class='ocrx_word' id='word_1_58' title='bbox 1014 1576 1167 1662; x_wconf 83' lang='lat' dir='ltr'><strong>pugilem.</strong></span> <span class='ocrx_word' id='word_1_59' title='bbox 1212 1577 1305 1642; x_wconf 88' lang='lat' dir='ltr'><strong>idem</strong></span> <span class='ocrx_word' id='word_1_60' title='bbox 1333 1593 1378 1641; x_wconf 86' lang='lat' dir='ltr'><strong>est</strong></span> 
     </span>
     <span class='ocr_line' id='line_1_9' title="bbox 421 1677 1379 1765; baseline 0.002 -23"><span class='ocrx_word' id='word_1_61' title='bbox 421 1680 454 1743; x_wconf 93' lang='lat' dir='ltr'><strong>in</strong></span> <span class='ocrx_word' id='word_1_62' title='bbox 478 1678 620 1765; x_wconf 86' lang='lat' dir='ltr'><strong>reliquis.</strong></span> <span class='ocrx_word' id='word_1_63' title='bbox 664 1679 718 1744; x_wconf 89' lang='lat' dir='ltr'><strong>Sic</strong></span> <span class='ocrx_word' id='word_1_64' title='bbox 741 1678 783 1741; x_wconf 91' lang='lat' dir='ltr'><strong>de</strong></span> <span class='ocrx_word' id='word_1_65' title='bbox 804 1677 1000 1755; x_wconf 82' lang='lat' dir='ltr'><strong>delinitione,</strong></span> <span class='ocrx_word' id='word_1_66' title='bbox 1021 1692 1077 1742; x_wconf 90' lang='lat' dir='ltr'><strong>aut</strong></span> <span class='ocrx_word' id='word_1_67' title='bbox 1093 1679 1305 1762; x_wconf 74' lang='lat' dir='ltr'><strong>argumentis,</strong></span> <span class='ocrx_word' id='word_1_68' title='bbox 1325 1693 1379 1744; x_wconf 88' lang='lat' dir='ltr'><strong>ant</strong></span> 
     </span>
     <span class='ocr_line' id='line_1_10' title="bbox 421 1777 1377 1867; baseline 0 -23"><span class='ocrx_word' id='word_1_69' title='bbox 421 1804 549 1867; x_wconf 85' lang='lat' dir='ltr'><strong>genere,</strong></span> <span class='ocrx_word' id='word_1_70' title='bbox 561 1794 594 1846; x_wconf 89' lang='lat' dir='ltr'><strong>et</strong></span> <span class='ocrx_word' id='word_1_71' title='bbox 610 1780 767 1844; x_wconf 85' lang='lat' dir='ltr'><strong>similibus</strong></span> <span class='ocrx_word' id='word_1_72' title='bbox 783 1779 883 1865; x_wconf 92' lang='lat' dir='ltr'><strong>loqui,</strong></span> <span class='ocrx_word' id='word_1_73' title='bbox 898 1777 1086 1844; x_wconf 83' lang='lat' dir='ltr'><strong>facillimum</strong></span> <span class='ocrx_word' id='word_1_74' title='bbox 1101 1792 1166 1844; x_wconf 85' lang='lat' dir='ltr'><strong>eat:</strong></span> <span class='ocrx_word' id='word_1_75' title='bbox 1192 1779 1247 1843; x_wconf 88' lang='lat' dir='ltr'><strong>sed</strong></span> <span class='ocrx_word' id='word_1_76' title='bbox 1258 1779 1377 1856; x_wconf 86' lang='lat' dir='ltr'><strong>eadem,</strong></span> 
     </span>
     <span class='ocr_line' id='line_1_11' title="bbox 420 1881 1380 1968; baseline 0.001 -21"><span class='ocrx_word' id='word_1_77' title='bbox 420 1881 462 1946; x_wconf 85' lang='lat' dir='ltr'><strong>ad</strong></span> <span class='ocrx_word' id='word_1_78' title='bbox 478 1884 557 1947; x_wconf 89' lang='lat' dir='ltr'><strong>artis</strong></span> <span class='ocrx_word' id='word_1_79' title='bbox 579 1881 775 1968; x_wconf 89' lang='lat' dir='ltr'><strong>explendum</strong></span> <span class='ocrx_word' id='word_1_80' title='bbox 793 1882 945 1955; x_wconf 88' lang='lat' dir='ltr'><strong>officium,</strong></span> <span class='ocrx_word' id='word_1_81' title='bbox 962 1882 993 1962; x_wconf 80' lang='lat' dir='ltr'><strong>in</strong></span> <span class='ocrx_word' id='word_1_82' title='bbox 1018 1881 1153 1966; x_wconf 87' lang='lat' dir='ltr'><strong>singulis</strong></span> <span class='ocrx_word' id='word_1_83' title='bbox 1175 1881 1380 1949; x_wconf 80' lang='lat' dir='ltr'><strong>facultatibus</strong></span> 
     </span>
     <span class='ocr_line' id='line_1_12' title="bbox 422 1980 1378 2068; baseline 0.005 -24"><span class='ocrx_word' id='word_1_84' title='bbox 422 1981 576 2058; x_wconf 85' lang='lat' dir='ltr'><strong>invenire,</strong></span> <span class='ocrx_word' id='word_1_85' title='bbox 607 1982 702 2066; x_wconf 88' lang='lat' dir='ltr'><strong>longe</strong></span> <span class='ocrx_word' id='word_1_86' title='bbox 723 1980 895 2046; x_wconf 86' lang='lat' dir='ltr'><strong>difficilius.</strong></span> <span class='ocrx_word' id='word_1_87' title='bbox 939 1983 1029 2067; x_wconf 84' lang='lat' dir='ltr'><strong>Ergo</strong></span> <span class='ocrx_word' id='word_1_88' title='bbox 1059 1980 1117 2068; x_wconf 89' lang='lat' dir='ltr'><strong>qui</strong></span> <span class='ocrx_word' id='word_1_89' title='bbox 1141 1980 1378 2068; x_wconf 88' lang='lat' dir='ltr'><strong>disciplinarum</strong></span> 
     </span>
     <span class='ocr_line' id='line_1_13' title="bbox 425 2080 1382 2170; baseline 0.005 -26"><span class='ocrx_word' id='word_1_90' title='bbox 425 2081 532 2166; x_wconf 87' lang='lat' dir='ltr'><strong>inopia</strong></span> <span class='ocrx_word' id='word_1_91' title='bbox 557 2081 726 2167; x_wconf 86' lang='lat' dir='ltr'><strong>premitur,</strong></span> <span class='ocrx_word' id='word_1_92' title='bbox 750 2080 873 2166; x_wconf 89' lang='lat' dir='ltr'><strong>copiam</strong></span> <span class='ocrx_word' id='word_1_93' title='bbox 897 2103 994 2166; x_wconf 91' lang='lat' dir='ltr'><strong>quam</strong></span> <span class='ocrx_word' id='word_1_94' title='bbox 1017 2082 1197 2147; x_wconf 88' lang='lat' dir='ltr'><strong>Dialectica</strong></span> <span class='ocrx_word' id='word_1_95' title='bbox 1217 2084 1382 2170; x_wconf 84' lang='lat' dir='ltr'><strong>pollicetur</strong></span> 
     </span>
     <span class='ocr_line' id='line_1_14' title="bbox 421 2180 850 2267; baseline 0.002 -23"><span class='ocrx_word' id='word_1_96' title='bbox 421 2192 455 2245; x_wconf 90' lang='lat' dir='ltr'><strong>et</strong></span> <span class='ocrx_word' id='word_1_97' title='bbox 470 2194 614 2267; x_wconf 82' lang='lat' dir='ltr'><strong>praestat,</strong></span> <span class='ocrx_word' id='word_1_98' title='bbox 630 2203 691 2258; x_wconf 87' lang='lat' dir='ltr'><strong>non</strong></span> <span class='ocrx_word' id='word_1_99' title='bbox 708 2180 850 2245; x_wconf 87' lang='lat' dir='ltr'><strong>habebit.</strong></span> 
     </span>
    </p>
   </div>
   <div class='ocr_carea' id='block_1_3' title="bbox 425 2385 1382 2561">
    <p class='ocr_par' dir='ltr' id='par_1_3' title="bbox 425 2385 1382 2561">
     <span class='ocr_line' id='line_1_15' title="bbox 425 2385 1382 2472; baseline 0.003 -22"><span class='ocrx_word' id='word_1_100' title='bbox 425 2385 506 2470; x_wconf 86' lang='lat' dir='ltr'><strong>Cap.</strong></span> <span class='ocrx_word' id='word_1_101' title='bbox 524 2390 571 2449; x_wconf 87' lang='lat'><strong>10.</strong></span> <span class='ocrx_word' id='word_1_102' title='bbox 598 2388 742 2461; x_wconf 64' lang='lat' dir='ltr'><strong>Qorum</strong></span> <span class='ocrx_word' id='word_1_103' title='bbox 757 2388 951 2449; x_wconf 80' lang='lat' dir='ltr'><strong>auctoritate</strong></span> <span class='ocrx_word' id='word_1_104' title='bbox 963 2387 1190 2469; x_wconf 77' lang='lat' dir='ltr'><strong>procedentia,</strong></span> <span class='ocrx_word' id='word_1_105' title='bbox 1206 2395 1239 2453; x_wconf 87' lang='lat' dir='ltr'><strong>ct</strong></span> <span class='ocrx_word' id='word_1_106' title='bbox 1252 2411 1382 2472; x_wconf 76' lang='lat' dir='ltr'><strong>aequm·</strong></span> 
     </span>
     <span class='ocr_line' id='line_1_16' title="bbox 790 2487 1015 2561; baseline 0.004 -13"><span class='ocrx_word' id='word_1_107' title='bbox 790 2487 850 2561; x_wconf 83' lang='lat' dir='ltr'><strong>tio,</strong></span> <span class='ocrx_word' id='word_1_108' title='bbox 865 2495 1015 2550; x_wconf 82' lang='lat' dir='ltr'><strong>constant.</strong></span> 
     </span>
    </p>
   </div>
   <div class='ocr_carea' id='block_1_4' title="bbox 421 2600 1381 4512">
    <p class='ocr_par' dir='ltr' id='par_1_4' title="bbox 421 2600 1381 4512">
     <span class='ocr_line' id='line_1_17' title="bbox 468 2600 1377 2689; baseline 0.003 -22"><span class='ocrx_word' id='word_1_109' title='bbox 468 2603 575 2679; x_wconf 79' lang='lat' dir='ltr'><strong>Quuu</strong></span> <span class='ocrx_word' id='word_1_110' title='bbox 605 2601 757 2689; x_wconf 88' lang='lat' dir='ltr'><strong>primum,</strong></span> <span class='ocrx_word' id='word_1_111' title='bbox 781 2600 963 2665; x_wconf 89' lang='lat' dir='ltr'><strong>adolescens</strong></span> <span class='ocrx_word' id='word_1_112' title='bbox 989 2602 1177 2683; x_wconf 90' lang='lat' dir='ltr'><strong>admodum,</strong></span> <span class='ocrx_word' id='word_1_113' title='bbox 1200 2604 1377 2670; x_wconf 85' lang='lat' dir='ltr'><strong>studiorum</strong></span> 
     </span>
     <span class='ocr_line' id='line_1_18' title="bbox 423 2702 1378 2795; baseline 0.004 -27"><span class='ocrx_word' id='word_1_114' title='bbox 423 2726 519 2768; x_wconf 86' lang='lat' dir='ltr'><strong>causa</strong></span> <span class='ocrx_word' id='word_1_115' title='bbox 547 2704 731 2789; x_wconf 79' lang='lat' dir='ltr'><strong>migrassem</strong></span> <span class='ocrx_word' id='word_1_116' title='bbox 756 2706 788 2768; x_wconf 90' lang='lat' dir='ltr'><strong>in</strong></span> <span class='ocrx_word' id='word_1_117' title='bbox 813 2702 945 2782; x_wconf 82' lang='lat' dir='ltr'><strong>Gallias,</strong></span> <span class='ocrx_word' id='word_1_118' title='bbox 974 2726 1058 2768; x_wconf 88' lang='lat' dir='ltr'><strong>anno</strong></span> <span class='ocrx_word' id='word_1_119' title='bbox 1087 2704 1189 2770; x_wconf 87' lang='lat' dir='ltr'><strong>altero</strong></span> <span class='ocrx_word' id='word_1_120' title='bbox 1212 2721 1378 2795; x_wconf 67' lang='lat' dir='ltr'><strong>ponquam</strong></span> 
     </span>
     <span class='ocr_line' id='line_1_19' title="bbox 423 2803 1379 2892; baseline 0.005 -25"><span class='ocrx_word' id='word_1_121' title='bbox 423 2804 557 2869; x_wconf 85' lang='lat' dir='ltr'><strong>illustris</strong></span> <span class='ocrx_word' id='word_1_122' title='bbox 572 2825 628 2867; x_wconf 88' lang='lat' dir='ltr'><strong>rex</strong></span> <span class='ocrx_word' id='word_1_123' title='bbox 649 2803 828 2887; x_wconf 81' lang='lat' dir='ltr'><strong>Anglorum</strong></span> <span class='ocrx_word' id='word_1_124' title='bbox 847 2805 1020 2883; x_wconf 83' lang='lat' dir='ltr'><strong>Henricns,</strong></span> <span class='ocrx_word' id='word_1_125' title='bbox 1037 2809 1104 2870; x_wconf 85' lang='lat' dir='ltr'><strong>leo</strong></span> <span class='ocrx_word' id='word_1_126' title='bbox 1119 2805 1272 2892; x_wconf 77' lang='lat' dir='ltr'><strong>justitiae,</strong></span> <span class='ocrx_word' id='word_1_127' title='bbox 1288 2809 1379 2872; x_wconf 86' lang='lat' dir='ltr'><strong>rebus</strong></span> 
     </span>
     <span class='ocr_line' id='line_1_20' title="bbox 421 2905 1380 2996; baseline 0.007 -27"><span class='ocrx_word' id='word_1_128' title='bbox 421 2907 555 2970; x_wconf 87' lang='lat' dir='ltr'><strong>excessit</strong></span> <span class='ocrx_word' id='word_1_129' title='bbox 580 2905 738 2980; x_wconf 87' lang='lat' dir='ltr'><strong>humanis,</strong></span> <span class='ocrx_word' id='word_1_130' title='bbox 761 2905 881 2971; x_wconf 91' lang='lat' dir='ltr'><strong>contuli</strong></span> <span class='ocrx_word' id='word_1_131' title='bbox 907 2929 956 2969; x_wconf 90' lang='lat' dir='ltr'><strong>me</strong></span> <span class='ocrx_word' id='word_1_132' title='bbox 978 2907 1019 2971; x_wconf 86' lang='lat' dir='ltr'><strong>ad</strong></span> <span class='ocrx_word' id='word_1_133' title='bbox 1045 2909 1300 2996; x_wconf 87' lang='lat' dir='ltr'><strong>Peripateticum</strong></span> <span class='ocrx_word' id='word_1_134' title='bbox 1323 2912 1380 2976; x_wconf 77' lang='lat' dir='ltr'><strong>Pa·</strong></span> 
     </span>
     <span class='ocr_line' id='line_1_21' title="bbox 424 3006 1379 3093; baseline 0.003 -22"><span class='ocrx_word' id='word_1_135' title='bbox 424 3006 571 3082; x_wconf 85' lang='lat' dir='ltr'><strong>latinum,</strong></span> <span class='ocrx_word' id='word_1_136' title='bbox 596 3007 652 3093; x_wconf 91' lang='lat' dir='ltr'><strong>qui</strong></span> <span class='ocrx_word' id='word_1_137' title='bbox 669 3020 746 3071; x_wconf 87' lang='lat' dir='ltr'><strong>tunc</strong></span> <span class='ocrx_word' id='word_1_138' title='bbox 769 3006 800 3070; x_wconf 90' lang='lat' dir='ltr'><strong>in</strong></span> <span class='ocrx_word' id='word_1_139' title='bbox 822 3019 928 3070; x_wconf 90' lang='lat' dir='ltr'><strong>monte</strong></span> <span class='ocrx_word' id='word_1_140' title='bbox 950 3019 1068 3072; x_wconf 83' lang='lat' dir='ltr'><strong>sanctae</strong></span> <span class='ocrx_word' id='word_1_141' title='bbox 1085 3010 1263 3076; x_wconf 81' lang='lat' dir='ltr'><strong>Genovefae</strong></span> <span class='ocrx_word' id='word_1_142' title='bbox 1277 3013 1379 3076; x_wconf 84' lang='lat' dir='ltr'><strong>clarus</strong></span> 
     </span>
     <span class='ocr_line' id='line_1_22' title="bbox 423 3107 1381 3197; baseline 0.008 -25"><span class='ocrx_word' id='word_1_143' title='bbox 423 3108 547 3187; x_wconf 88' lang='lat' dir='ltr'><strong>doctor,</strong></span> <span class='ocrx_word' id='word_1_144' title='bbox 574 3122 606 3174; x_wconf 86' lang='lat' dir='ltr'><strong>et</strong></span> <span class='ocrx_word' id='word_1_145' title='bbox 626 3107 823 3172; x_wconf 86' lang='lat' dir='ltr'><strong>admirabilis</strong></span> <span class='ocrx_word' id='word_1_146' title='bbox 842 3108 990 3174; x_wconf 87' lang='lat' dir='ltr'><strong>omnibns</strong></span> <span class='ocrx_word' id='word_1_147' title='bbox 1012 3110 1215 3196; x_wconf 81' lang='lat' dir='ltr'><strong>praesidebat.</strong></span> <span class='ocrx_word' id='word_1_148' title='bbox 1262 3114 1326 3197; x_wconf 91' lang='lat' dir='ltr'><strong>Ibi,</strong></span> <span class='ocrx_word' id='word_1_149' title='bbox 1342 3113 1381 3179; x_wconf 84' lang='lat' dir='ltr'><strong>ad</strong></span> 
     </span>
     <span class='ocr_line' id='line_1_23' title="bbox 423 3210 1381 3302; baseline 0.007 -28"><span class='ocrx_word' id='word_1_150' title='bbox 423 3211 521 3296; x_wconf 87' lang='lat' dir='ltr'><strong>pedes</strong></span> <span class='ocrx_word' id='word_1_151' title='bbox 535 3212 616 3297; x_wconf 88' lang='lat' dir='ltr'><strong>ejus,</strong></span> <span class='ocrx_word' id='word_1_152' title='bbox 631 3210 735 3297; x_wconf 88' lang='lat' dir='ltr'><strong>prima</strong></span> <span class='ocrx_word' id='word_1_153' title='bbox 750 3211 826 3275; x_wconf 88' lang='lat' dir='ltr'><strong>artis</strong></span> <span class='ocrx_word' id='word_1_154' title='bbox 842 3210 939 3294; x_wconf 89' lang='lat' dir='ltr'><strong>hnjns</strong></span> <span class='ocrx_word' id='word_1_155' title='bbox 950 3211 1133 3277; x_wconf 82' lang='lat' dir='ltr'><strong>rudimenta</strong></span> <span class='ocrx_word' id='word_1_156' title='bbox 1142 3215 1263 3301; x_wconf 82' lang='lat' dir='ltr'><strong>accepi,</strong></span> <span class='ocrx_word' id='word_1_157' title='bbox 1278 3230 1311 3281; x_wconf 86' lang='lat' dir='ltr'><strong>et</strong></span> <span class='ocrx_word' id='word_1_158' title='bbox 1326 3237 1381 3302; x_wconf 91' lang='lat' dir='ltr'><strong>pro</strong></span> 
     </span>
     <span class='ocr_line' id='line_1_24' title="bbox 424 3311 1379 3403; baseline 0.007 -28"><span class='ocrx_word' id='word_1_159' title='bbox 424 3312 556 3375; x_wconf 90' lang='lat' dir='ltr'><strong>modulo</strong></span> <span class='ocrx_word' id='word_1_160' title='bbox 570 3311 719 3397; x_wconf 89' lang='lat' dir='ltr'><strong>ingenioli</strong></span> <span class='ocrx_word' id='word_1_161' title='bbox 736 3313 809 3389; x_wconf 90' lang='lat' dir='ltr'><strong>mei,</strong></span> <span class='ocrx_word' id='word_1_162' title='bbox 824 3312 978 3399; x_wconf 86' lang='lat' dir='ltr'><strong>quicquid</strong></span> <span class='ocrx_word' id='word_1_163' title='bbox 994 3313 1162 3379; x_wconf 80' lang='lat' dir='ltr'><strong>excidebat</strong></span> <span class='ocrx_word' id='word_1_164' title='bbox 1177 3316 1219 3382; x_wconf 89' lang='lat' dir='ltr'><strong>ab</strong></span> <span class='ocrx_word' id='word_1_165' title='bbox 1231 3339 1288 3382; x_wconf 91' lang='lat' dir='ltr'><strong>ore</strong></span> <span class='ocrx_word' id='word_1_166' title='bbox 1302 3319 1379 3403; x_wconf 84' lang='lat' dir='ltr'><strong>ejus,</strong></span> 
     </span>
     <span class='ocr_line' id='line_1_25' title="bbox 425 3409 1381 3502; baseline 0.009 -29"><span class='ocrx_word' id='word_1_167' title='bbox 425 3422 493 3474; x_wconf 87' lang='lat' dir='ltr'><strong>tota</strong></span> <span class='ocrx_word' id='word_1_168' title='bbox 512 3412 627 3473; x_wconf 84' lang='lat' dir='ltr'><strong>mentis</strong></span> <span class='ocrx_word' id='word_1_169' title='bbox 641 3409 794 3476; x_wconf 86' lang='lat' dir='ltr'><strong>aviditate</strong></span> <span class='ocrx_word' id='word_1_170' title='bbox 814 3412 1022 3498; x_wconf 82' lang='lat' dir='ltr'><strong>excipiebam.</strong></span> <span class='ocrx_word' id='word_1_171' title='bbox 1067 3413 1205 3496; x_wconf 90' lang='lat' dir='ltr'><strong>Deinde,</strong></span> <span class='ocrx_word' id='word_1_172' title='bbox 1219 3430 1297 3502; x_wconf 88' lang='lat' dir='ltr'><strong>post</strong></span> <span class='ocrx_word' id='word_1_173' title='bbox 1319 3418 1381 3482; x_wconf 87' lang='lat' dir='ltr'><strong>dis·</strong></span> 
     </span>
     <span class='ocr_line' id='line_1_26' title="bbox 423 3508 1379 3598; baseline 0.009 -27"><span class='ocrx_word' id='word_1_174' title='bbox 423 3530 545 3571; x_wconf 85' lang='lat' dir='ltr'><strong>cessum</strong></span> <span class='ocrx_word' id='word_1_175' title='bbox 561 3508 642 3593; x_wconf 88' lang='lat' dir='ltr'><strong>ejus,</strong></span> <span class='ocrx_word' id='word_1_176' title='bbox 666 3508 722 3592; x_wconf 90' lang='lat' dir='ltr'><strong>qui</strong></span> <span class='ocrx_word' id='word_1_177' title='bbox 746 3508 824 3571; x_wconf 89' lang='lat' dir='ltr'><strong>mibi</strong></span> <span class='ocrx_word' id='word_1_178' title='bbox 846 3528 1070 3598; x_wconf 75' lang='lat' dir='ltr'><strong>praeproperus</strong></span> <span class='ocrx_word' id='word_1_179' title='bbox 1085 3511 1172 3577; x_wconf 82' lang='lat' dir='ltr'><strong>visus</strong></span> <span class='ocrx_word' id='word_1_180' title='bbox 1185 3527 1247 3592; x_wconf 89' lang='lat' dir='ltr'><strong>est,</strong></span> <span class='ocrx_word' id='word_1_181' title='bbox 1263 3514 1379 3580; x_wconf 67' lang='lat' dir='ltr'><strong>adhesi</strong></span> 
     </span>
     <span class='ocr_line' id='line_1_27' title="bbox 423 3609 1381 3699; baseline 0.011 -27"><span class='ocrx_word' id='word_1_182' title='bbox 423 3609 578 3695; x_wconf 86' lang='lat' dir='ltr'><strong>magistro</strong></span> <span class='ocrx_word' id='word_1_183' title='bbox 607 3609 762 3687; x_wconf 76' lang='lat' dir='ltr'><strong>Aldcra&#39;co,</strong></span> <span class='ocrx_word' id='word_1_184' title='bbox 787 3610 843 3696; x_wconf 91' lang='lat' dir='ltr'><strong>qui</strong></span> <span class='ocrx_word' id='word_1_185' title='bbox 869 3612 953 3677; x_wconf 88' lang='lat' dir='ltr'><strong>inter</strong></span> <span class='ocrx_word' id='word_1_186' title='bbox 978 3626 1110 3678; x_wconf 78' lang='lat' dir='ltr'><strong>caeteros</strong></span> <span class='ocrx_word' id='word_1_187' title='bbox 1137 3619 1381 3699; x_wconf 66' lang='lat' dir='ltr'><strong>opinatissimus</strong></span> 
     </span>
     <span class='ocr_line' id='line_1_28' title="bbox 424 3709 1380 3789; baseline 0.01 -13"><span class='ocrx_word' id='word_1_188' title='bbox 424 3710 618 3776; x_wconf 89' lang='lat' dir='ltr'><strong>Dialecticns</strong></span> <span class='ocrx_word' id='word_1_189' title='bbox 640 3709 793 3789; x_wconf 89' lang='lat' dir='ltr'><strong>enitebat,</strong></span> <span class='ocrx_word' id='word_1_190' title='bbox 815 3728 847 3776; x_wconf 89' lang='lat' dir='ltr'><strong>et</strong></span> <span class='ocrx_word' id='word_1_191' title='bbox 871 3726 939 3776; x_wconf 88' lang='lat' dir='ltr'><strong>erat</strong></span> <span class='ocrx_word' id='word_1_192' title='bbox 963 3736 1073 3777; x_wconf 85' lang='lat' dir='ltr'><strong>revera</strong></span> <span class='ocrx_word' id='word_1_193' title='bbox 1092 3720 1272 3783; x_wconf 65' lang='lat' dir='ltr'><strong>scamnalia</strong></span> <span class='ocrx_word' id='word_1_194' title='bbox 1291 3729 1380 3785; x_wconf 62' lang='grc' dir='ltr'><strong>παίω</strong></span> 
     </span>
     <span class='ocr_line' id='line_1_29' title="bbox 423 3813 1378 3899; baseline 0.009 -23"><span class='ocrx_word' id='word_1_195' title='bbox 423 3813 594 3877; x_wconf 85' lang='lat' dir='ltr'><strong>acerrimus</strong></span> <span class='ocrx_word' id='word_1_196' title='bbox 616 3813 833 3899; x_wconf 86' lang='lat' dir='ltr'><strong>impugnator.</strong></span> <span class='ocrx_word' id='word_1_197' title='bbox 879 3814 931 3878; x_wconf 87' lang='lat' dir='ltr'><strong>Sic</strong></span> <span class='ocrx_word' id='word_1_198' title='bbox 946 3814 1046 3879; x_wconf 81' lang='lat' dir='ltr'><strong>ferme</strong></span> <span class='ocrx_word' id='word_1_199' title='bbox 1070 3829 1139 3881; x_wconf 90' lang='lat' dir='ltr'><strong>toto</strong></span> <span class='ocrx_word' id='word_1_200' title='bbox 1153 3817 1286 3884; x_wconf 90' lang='lat' dir='ltr'><strong>biennio</strong></span> <span class='ocrx_word' id='word_1_201' title='bbox 1308 3843 1378 3885; x_wconf 87' lang='lat' dir='ltr'><strong>coa·</strong></span> 
     </span>
     <span class='ocr_line' id='line_1_30' title="bbox 424 3902 1378 4005; baseline 0.005 -25"><span class='ocrx_word' id='word_1_202' title='bbox 424 3930 568 3981; x_wconf 81' lang='lat' dir='ltr'><strong>versatus</strong></span> <span class='ocrx_word' id='word_1_203' title='bbox 590 3917 621 3980; x_wconf 90' lang='lat' dir='ltr'><strong>in</strong></span> <span class='ocrx_word' id='word_1_204' title='bbox 653 3930 772 3994; x_wconf 87' lang='lat' dir='ltr'><strong>monte,</strong></span> <span class='ocrx_word' id='word_1_205' title='bbox 795 3918 873 3981; x_wconf 90' lang='lat' dir='ltr'><strong>artis</strong></span> <span class='ocrx_word' id='word_1_206' title='bbox 903 3918 1001 4003; x_wconf 87' lang='lat' dir='ltr'><strong>bujns</strong></span> <span class='ocrx_word' id='word_1_207' title='bbox 1022 3902 1280 4005; x_wconf 79' lang='lat' dir='ltr'><strong>praeceptoribus</strong></span> <span class='ocrx_word' id='word_1_208' title='bbox 1304 3944 1378 3988; x_wconf 84' lang='lat' dir='ltr'><strong>usus</strong></span> 
     </span>
     <span class='ocr_line' id='line_1_31' title="bbox 423 4017 1379 4104; baseline 0.008 -22"><span class='ocrx_word' id='word_1_209' title='bbox 423 4040 493 4082; x_wconf 90' lang='lat' dir='ltr'><strong>snm</strong></span> <span class='ocrx_word' id='word_1_210' title='bbox 518 4017 679 4096; x_wconf 87' lang='lat' dir='ltr'><strong>Alberico,</strong></span> <span class='ocrx_word' id='word_1_211' title='bbox 702 4031 734 4083; x_wconf 89' lang='lat' dir='ltr'><strong>et</strong></span> <span class='ocrx_word' id='word_1_212' title='bbox 758 4018 911 4104; x_wconf 88' lang='lat' dir='ltr'><strong>magistro</strong></span> <span class='ocrx_word' id='word_1_213' title='bbox 940 4020 1086 4085; x_wconf 84' lang='lat' dir='ltr'><strong>Roberto</strong></span> <span class='ocrx_word' id='word_1_214' title='bbox 1115 4022 1320 4100; x_wconf 66' lang='lat' dir='ltr'><strong>mindensi,-</strong></span> <span class='ocrx_word' id='word_1_215' title='bbox 1344 4039 1379 4089; x_wconf 88' lang='lat' dir='ltr'><strong>ut</strong></span> 
     </span>
     <span class='ocr_line' id='line_1_32' title="bbox 423 4120 1379 4208; baseline 0.006 -22"><span class='ocrx_word' id='word_1_216' title='bbox 423 4120 610 4208; x_wconf 84' lang='lat' dir='ltr'><strong>cognomine</strong></span> <span class='ocrx_word' id='word_1_217' title='bbox 630 4120 829 4206; x_wconf 84' lang='lat' dir='ltr'><strong>designetur,</strong></span> <span class='ocrx_word' id='word_1_218' title='bbox 845 4121 931 4206; x_wconf 93' lang='lat' dir='ltr'><strong>quod</strong></span> <span class='ocrx_word' id='word_1_219' title='bbox 955 4121 1071 4186; x_wconf 88' lang='lat' dir='ltr'><strong>meruit</strong></span> <span class='ocrx_word' id='word_1_220' title='bbox 1087 4123 1119 4186; x_wconf 92' lang='lat' dir='ltr'><strong>in</strong></span> <span class='ocrx_word' id='word_1_221' title='bbox 1135 4124 1318 4191; x_wconf 88' lang='lat' dir='ltr'><strong>scholarum</strong></span> <span class='ocrx_word' id='word_1_222' title='bbox 1333 4149 1379 4191; x_wconf 87' lang='lat' dir='ltr'><strong>re·</strong></span> 
     </span>
     <span class='ocr_line' id='line_1_33' title="bbox 422 4221 1377 4315; baseline 0.005 -28"><span class='ocrx_word' id='word_1_223' title='bbox 422 4224 541 4310; x_wconf 89' lang='lat' dir='ltr'><strong>gimine</strong></span> <span class='ocrx_word' id='word_1_224' title='bbox 565 4223 704 4303; x_wconf 86' lang='lat' dir='ltr'><strong>(natione</strong></span> <span class='ocrx_word' id='word_1_225' title='bbox 726 4221 883 4306; x_wconf 84' lang='lat' dir='ltr'><strong>siqnidem</strong></span> <span class='ocrx_word' id='word_1_226' title='bbox 916 4222 1099 4308; x_wconf 90' lang='lat' dir='ltr'><strong>Angligena</strong></span> <span class='ocrx_word' id='word_1_227' title='bbox 1121 4230 1208 4311; x_wconf 76' lang='lat' dir='ltr'><strong>estz)</strong></span> <span class='ocrx_word' id='word_1_228' title='bbox 1239 4250 1377 4315; x_wconf 88' lang='lat' dir='ltr'><strong>quornm</strong></span> 
     </span>
     <span class='ocr_line' id='line_1_34' title="bbox 423 4322 1378 4411; baseline 0.006 -23"><span class='ocrx_word' id='word_1_229' title='bbox 423 4326 503 4390; x_wconf 85' lang='lat' dir='ltr'><strong>alter</strong></span> <span class='ocrx_word' id='word_1_230' title='bbox 518 4325 557 4389; x_wconf 91' lang='lat' dir='ltr'><strong>ad</strong></span> <span class='ocrx_word' id='word_1_231' title='bbox 571 4326 678 4389; x_wconf 90' lang='lat' dir='ltr'><strong>omnia</strong></span> <span class='ocrx_word' id='word_1_232' title='bbox 692 4322 911 4410; x_wconf 82' lang='lat' dir='ltr'><strong>scrupulosus,</strong></span> <span class='ocrx_word' id='word_1_233' title='bbox 930 4324 1032 4389; x_wconf 93' lang='lat' dir='ltr'><strong>locum</strong></span> <span class='ocrx_word' id='word_1_234' title='bbox 1049 4327 1240 4411; x_wconf 73' lang='lat' dir='ltr'><strong>questionis</strong></span> <span class='ocrx_word' id='word_1_235' title='bbox 1260 4331 1378 4396; x_wconf 85' lang='lat' dir='ltr'><strong>inveni·</strong></span> 
     </span>
     <span class='ocr_line' id='line_1_35' title="bbox 423 4423 1378 4512; baseline 0.004 -21"><span class='ocrx_word' id='word_1_236' title='bbox 423 4427 497 4491; x_wconf 80' lang='lat' dir='ltr'><strong>ebat</strong></span> <span class='ocrx_word' id='word_1_237' title='bbox 514 4426 655 4512; x_wconf 88' lang='lat' dir='ltr'><strong>ubiqne:</strong></span> <span class='ocrx_word' id='word_1_238' title='bbox 680 4438 715 4489; x_wconf 87' lang='lat' dir='ltr'><strong>nt</strong></span> <span class='ocrx_word' id='word_1_239' title='bbox 727 4424 873 4509; x_wconf 80' lang='lat' dir='ltr'><strong>quamvis</strong></span> <span class='ocrx_word' id='word_1_240' title='bbox 888 4423 990 4511; x_wconf 89' lang='lat' dir='ltr'><strong>polita</strong></span> <span class='ocrx_word' id='word_1_241' title='bbox 1005 4426 1168 4512; x_wconf 86' lang='lat' dir='ltr'><strong>planicies,</strong></span> <span class='ocrx_word' id='word_1_242' title='bbox 1185 4431 1378 4499; x_wconf 84' lang='lat' dir='ltr'><strong>offendiculo</strong></span> 
     </span>
    </p>
   </div>
   <div class='ocr_carea' id='block_1_5' title="bbox 0 0 1502 5592">
    <p class='ocr_par' dir='ltr' id='par_1_5' title="bbox 0 0 1502 5592">
     <span class='ocr_line' id='line_1_36' title="bbox 0 0 1502 5592; baseline 0 0"><span class='ocrx_word' id='word_1_243' title='bbox 0 0 1502 5592; x_wconf 95' lang='lat' dir='ltr'><strong> </strong></span> 
     </span>
    </p>
   </div>
  </div>
 </body>
</html>
