2992 5592
343 812 407 870 2⁷0
602 820 739 868 sonuum
755 819 1037 867 sususuurusrrsrs

428 974 577 1057 Quinque
593 995 684 1037 suum
700 995 817 1036 munus
832 973 1040 1056 philosophia
1055 977 1151 1056 gerit.

343 1076 478 1141 Additur
492 1075 543 1137 his
558 1075 656 1138 series
671 1096 842 1139 causarum
856 1075 909 1139 vel
923 1075 1099 1153 renonum,
1245 1083 1311 1141 sot

428 1177 517 1248 Quas
532 1175 714 1239 intellectus
728 1195 856 1239 cernere
872 1175 962 1238 solus
975 1174 1089 1241 habat.

341 1276 593 1361 Multiplicundo
609 1276 740 1340 madum
754 1277 859 1340 nescit
874 1276 976 1340 virtus
990 1299 1214 1359 numerorum,

430 1382 475 1444 Et
490 1380 588 1443 finem
602 1379 729 1459 mugnis
744 1379 846 1442 sectio
862 1381 954 1443 nulla
968 1380 1056 1445 tacit.

343 1483 471 1549 Crescit
485 1482 518 1543 in
533 1481 723 1544 immensum
739 1501 902 1558 numerus,
916 1481 985 1544 siue
1000 1478 1066 1545 fine
1082 1483 1219 1547 resolvit

431 1585 626 1649 Continuum
642 1582 791 1666 quodvis,
806 1581 865 1646 sed
878 1583 1001 1646 ratione
1016 1594 1137 1666 potest·
1243 1592 1309 1650 970

345 1687 439 1763 Quod
451 1687 621 1766 ingenium
633 1685 771 1747 hominia
781 1686 868 1746 circa
879 1685 988 1766 prima
999 1691 1032 1747 et
1045 1686 1165 1748 ultima
1181 1687 1307 1769 deficit.

344 1790 466 1853 Deficit
480 1788 654 1867 ingenium,
669 1808 768 1870 quum
784 1786 886 1850 tendit
899 1785 940 1849 ad
956 1788 1086 1863 ultima3
1108 1789 1213 1865 solus,

430 1892 494 1964 Qui
509 1890 588 1955 sacit
603 1902 699 1973 atque
715 1889 805 1972 regit,
823 1889 926 1972 primu
941 1886 1048 1953 videre
1064 1903 1187 1974 potest,

345 1994 504 2075 cognitus
519 1993 572 2055 illc
588 1992 648 2055 sibi
664 1994 759 2075 plene
774 1993 915 2075 solisque
931 1993 1034 2056 beatis

431 2091 614 2177 Spiritibus,
631 2104 785 2176 quantum
801 2093 903 2174 gratia
918 2094 1034 2176 cuique
1051 2093 1147 2156 taret.

345 2198 415 2260 Nec
432 2195 472 2258 de
487 2195 658 2278 principiis
673 2206 759 2257 recte
776 2216 905 2259 censere
920 2195 1034 2258 licebit
1239 2200 1305 2258 975

431 2297 649 2370 Praetereunt,
665 2296 720 2378 qui
733 2294 789 2359 dat
804 2297 954 2360 omnibus
969 2318 1041 2360 esse
1058 2317 1162 2359 suum.

650 2395 703 2459 De
717 2399 831 2460 anima
846 2398 994 2460 hominia.

346 2503 443 2565 Mens
457 2499 606 2576 hominis,
620 2520 774 2562 numerus
792 2500 930 2584 simplex
946 2510 1103 2583 aptusque
1119 2519 1250 2564 movere

433 2600 521 2682 Sese,
536 2601 710 2666 conformis
726 2602 843 2666 dicitur
857 2624 928 2666 esse
943 2604 1024 2666 Deo.

347 2710 435 2772 Num
451 2708 541 2769 Deus
556 2719 592 2769 ut
607 2704 763 2768 mundum
778 2717 880 2769 totum
895 2707 986 2786 regit,
1000 2704 1111 2787 implet
1125 2714 1158 2767 et
1174 2706 1293 2783 ambit,

401 2794 404 2799 ¹
433 2809 487 2873 Sic
504 2808 619 2872 unimae
635 2829 753 2892 corpus
768 2808 915 2872 subditur
929 2828 1024 2871 omne
1040 2828 1116 2870 suae.
1239 2812 1306 2870 980

347 2912 500 2975 Materies
516 2911 631 2973 auimae
648 2910 774 2973 diversa
789 2911 909 2988 subest,
924 2909 1101 2993 eademque

435 3012 491 3074 Ex
505 3010 674 3075 individuo
690 3022 739 3074 est
754 3010 951 3095 dividuoque
968 3013 1073 3086 simul,

347 3115 500 3198 Moleque
516 3134 669 3194 corporea
684 3114 835 3197 premitur
849 3113 948 3176 virtus
963 3114 1151 3189 animarum,

436 3216 525 3278 Hinc
543 3215 655 3296 magis,
670 3214 746 3277 inde
761 3216 878 3293 minus,
894 3227 930 3278 ut
944 3237 1019 3278 caro
1029 3214 1144 3296 juncta
1159 3214 1246 3276 sinit.

503 3316 556 3379 Dc
571 3322 655 3378 motu
670 3315 856 3379 rationabili
870 3323 902 3378 et
916 3314 1141 3378 irrationabili.

349 3422 495 3503 Suntque
512 3418 577 3481 duo
592 3430 697 3480 motus
713 3438 864 3480 erroneus
878 3418 1067 3494 strationis,
1239 3420 1304 3478 985

439 3520 503 3582 Hic
520 3519 604 3599 viget
619 3518 651 3579 in
668 3519 811 3595 summis,
828 3517 962 3582 altered
977 3518 1041 3580 ima
1056 3517 1158 3581 trahit.

364 3625 415 3686 Da
428 3620 671 3684 immortalitate
683 3620 807 3682 animae
820 3627 852 3682 et
866 3640 1032 3701 corporum
1048 3620 1289 3682 resurrectione.

350 3725 433 3789 Sunt
446 3721 640 3785 immortales
656 3724 783 3802 animae,
800 3744 981 3807 corpusque
997 3722 1155 3786 caducum

437 3821 562 3896 Interit,
578 3834 611 3884 et
625 3824 754 3886 tandem
770 3825 905 3907 pristinu
921 3825 983 3886 vita
998 3822 1090 3887 redit.

678 3924 732 3988 De
746 3945 864 4006 magna
878 3945 977 3990 anno.

352 4029 489 4094 Pristina
503 4027 568 4089 rita
583 4025 675 4104 redit,
690 4047 790 4110 quum
805 4029 911 4109 magni
928 4026 1080 4090 terminus
1095 4027 1171 4089 anni

423 4130 472 4195 Ad
488 4130 626 4213 primum
642 4140 769 4191 revocat
785 4128 889 4192 sidera
904 4138 1022 4193 cuncta
1037 4128 1152 4191 locum.
1239 4134 1305 4192 990

351 4237 464 4297 Annus
480 4246 556 4296 tunc
573 4243 703 4294 renovat
718 4252 819 4293 novus
834 4232 952 4305 omnia,
969 4251 1102 4312 corpora
1116 4251 1223 4294 rursus

438 4334 613 4416 Accipiunt
628 4333 754 4407 unimae,
769 4341 914 4415 tempora
928 4334 997 4413 lege
1013 4332 1123 4394 fluunt

352 4435 388 4499 si
403 4448 558 4497 renovant
573 4433 726 4497 mundum
742 4433 821 4496 solis
836 4435 984 4518 lunaeque
1000 4453 1160 4506 recursus,
