2992 5592
271 797 398 879 caan]
624 809 868 859 usrmoamus.
1160 796 1220 855 167

269 967 344 1052 Cap.
363 971 412 1031 10.
434 967 489 1031 Dc
502 966 750 1047 imaginatione,
764 972 795 1028 et
810 963 896 1046 qnod
915 986 958 1028 ec
972 965 1045 1046 ipso
1067 966 1223 1029 oriuntur

307 1069 501 1156 optationes
516 1067 635 1150 quitata
649 1067 762 1130 animo
784 1066 992 1149 componitur,
1007 1072 1069 1130 out
1089 1063 1221 1130 turbato

306 1171 514 1236 deturbatur.

307 1333 515 1396 lusuruarw
536 1328 646 1414 itaque
666 1349 686 1390 a
706 1325 813 1390 radice
827 1346 973 1389 sensuum
991 1347 1048 1411 per
1062 1325 1221 1391 memorias

266 1429 408 1497 fomitem
422 1429 541 1506 oritur,
556 1441 587 1493 et
609 1449 671 1491 uon
687 1426 785 1491 modo
807 1425 1021 1511 praesentiam,
1036 1423 1092 1488 sed
1112 1441 1145 1490 et
1167 1425 1222 1490 ab·

268 1530 411 1612 oentiam,
440 1531 512 1595 loco
541 1527 685 1616 quidem,
711 1526 761 1591 vel
793 1540 946 1613 tempore,
976 1548 1034 1613 per
1063 1526 1221 1612 quandam

269 1632 466 1720 symplasim,
489 1652 586 1717 quam
610 1652 668 1695 nos
689 1627 971 1693 conformationem
994 1627 1153 1712 possimus
1173 1627 1221 1692 di-

267 1756 348 1811 acre,
364 1733 522 1798 intuetur.
568 1730 655 1795 Hinc
670 1743 718 1795 est
734 1727 833 1793 illud:

445 1841 489 1894 Sic
500 1839 579 1905 sedit,
591 1840 628 1892 sic
639 1838 708 1892 culta
720 1836 780 1901 fnit,
792 1837 830 1888 sic
842 1836 955 1887 stamina
966 1837 1047 1901 uerit,

516 1923 627 1997 injecta
637 1922 704 1976 collo
716 1925 753 1976 sic
765 1921 877 1974 decuere
889 1938 979 1974 comae.

307 2019 404 2100 Quod
426 2031 535 2085 autem
557 2019 751 2085 abstractiva
773 2017 825 2098 sit,
839 2016 945 2082 innuit
967 2017 1074 2097 Maro,
1089 2017 1166 2083 dum
1191 2042 1224 2084 se

269 2121 317 2189 aui
347 2121 553 2208 Astyanactis
581 2121 751 2205 imaginem
783 2117 978 2185 abstraxisse
1009 2120 1225 2188 recordatione

270 2223 408 2310 quadam
426 2221 648 2288 Andromache
663 2223 804 2288 fatetur:

409 2330 436 2384 0
448 2331 513 2384 nnn
524 2330 581 2385 sola
591 2333 643 2384 mel
655 2349 732 2404 super
743 2331 913 2401 Astyanactis
925 2334 1029 2403 imago!

411 2415 457 2469 Sic
468 2414 564 2480 oculos,
577 2417 614 2469 sic
626 2415 671 2469 ille
683 2433 784 2480 manus,
797 2417 834 2469 sic
844 2435 890 2470 ora
901 2416 1011 2485 serebat,

411 2503 450 2557 Et
460 2521 528 2558 nnnc
540 2503 635 2573 aquali
647 2509 734 2557 tecum
745 2504 899 2575 pubesceret
910 2524 974 2560 aevo.

273 2600 316 2665 Et
338 2599 428 2686 quia,
452 2610 491 2663 ut
517 2597 549 2662 in
575 2598 693 2663 Politia
714 2598 760 2663 ait
783 2600 888 2680 Plato,
899 2601 1005 2686 fizctte
1029 2609 1077 2666 est
1100 2606 1229 2685 assmui

272 2704 442 2767 naturalia
465 2721 601 2776 amona,
625 2722 665 2765 eor
686 2704 738 2765 tris
760 2721 836 2784 quea
846 2704 1041 2784 frequenter
1061 2704 1227 2780 occidunt,

273 2802 444 2890 imaginem
460 2824 582 2882 eorum,
597 2825 672 2888 quae
694 2800 804 2867 lutura
826 2814 912 2879 sunt,
928 2802 1065 2888 concipit
1086 2825 1127 2866 ex
1150 2825 1229 2889 qua-

274 2904 364 2973 litate
377 2927 501 2982 eorum,
516 2927 590 2991 quie
610 2904 853 2990 presentialiter
868 2908 975 2984 sentit,
990 2905 1040 2968 vel
1054 2902 1228 2991 aliquando

271 3006 379 3072 sensit.
414 3009 505 3093 Ergo
516 3006 542 3071 si
554 3006 733 3092 passionem
746 3029 890 3091 asperam
903 3005 1040 3091 concipit
1051 3005 1092 3068 de
1103 3005 1227 3084 futuro,

272 3112 367 3175 tinwr
379 3108 492 3174 oritur.
531 3111 616 3192 Spes
629 3120 748 3184 autem,
762 3109 788 3174 si
804 3107 956 3187 utilitate,
968 3107 1019 3171 vel
1033 3108 1228 3190 amoenitate,

268 3211 456 3299 jocundam.
501 3211 589 3275 Hinc
615 3212 757 3276 nascitur
780 3222 812 3274 et
835 3209 1007 3295 cupiditas,
1030 3207 1226 3295 perniciosis·

272 3311 350 3380 rima
365 3312 476 3401 pestis,
487 3325 520 3377 et
536 3334 609 3399 quoe
621 3310 866 3400 philosophandi
879 3311 1041 3398 proposito
1051 3311 1228 3399 plurimum

272 3416 471 3482 adversatur.
516 3412 718 3502 Impossibile
739 3418 823 3479 euim
845 3427 893 3480 est
919 3438 1114 3503 quemquam
1136 3413 1227 3502 cupi·

273 3518 367 3585 ditati
392 3531 426 3583 et
452 3516 664 3605 philosophiae
690 3518 810 3605 pariter
833 3541 962 3605 operam
988 3518 1075 3584 dare.
1120 3519 1229 3585 Mixta

274 3636 381 3688 autem
393 3634 442 3686 est
453 3644 492 3685 ex
504 3621 683 3702 contrariis,
691 3642 792 3706 quum
804 3644 875 3707 spes
886 3621 1014 3686 fruendi
1031 3622 1227 3710 voluptatem

274 3724 387 3810 pariat,
403 3721 460 3787 sed
481 3721 593 3787 dilatio
616 3723 777 3788 tristitiam
800 3738 832 3788 et
854 3723 1014 3790 dolorem:
1046 3749 1121 3812 quae
1137 3727 1162 3791 si
1181 3724 1230 3790 in-

273 3824 444 3901 valuerint,
468 3837 506 3890 ut
528 3823 719 3891 exordinent
741 3839 773 3890 et
796 3825 927 3892 turbent
953 3831 1101 3907 animam,
1124 3852 1163 3893 ex
1190 3852 1229 3894 ea

272 3927 476 3993 concussione
498 3927 535 3990 fit
556 3926 612 3992 ira.
658 3930 772 4014 Itaque
794 3928 835 3993 ad
857 3932 1100 4017 compescendos
1121 3944 1228 3998 motus

273 4026 400 4094 illicitos
422 4029 507 4117 parit
523 4028 706 4114 imaginatio
721 4030 888 4108 cautelam,
903 4056 977 4118 quae
997 4036 1024 4098 ei
1040 4035 1153 4098 nociva
1174 4033 1229 4097 de-

274 4127 390 4197 clinet:
422 4143 461 4195 ut
486 4143 562 4195 sunt
587 4155 626 4195 ex
653 4131 771 4217 quibus
796 4131 899 4211 dolor,
925 4135 982 4214 ira,
1004 4133 1173 4219 cupiditas,
1195 4148 1228 4199 et

274 4235 412 4319 sequelae
430 4232 576 4310 istorum,
593 4248 671 4320 puta
693 4234 822 4316 invidia,
836 4236 958 4312 odium,
974 4236 1140 4314 detractio,
1157 4235 1228 4302 lux-

274 4334 353 4412 uria,
365 4334 501 4402 vanitas.
539 4339 626 4401 Dum
640 4360 715 4402 vero
729 4338 823 4403 nimis
834 4351 935 4415 cavet,
946 4336 986 4400 atl
1003 4336 1203 4405 formidinem
1215 4367 1225 4418 ς

273 4432 350 4501 dum
379 4458 507 4523 parum,
530 4436 571 4501 ad
600 4438 807 4503 temeritatem
835 4437 965 4503 accedit.
1012 4440 1057 4503 Et
1083 4438 1114 4505 in
1142 4445 1227 4512 hnnc
