2992 5592
265 795 327 854 99t
529 810 666 855 rosuurs
681 809 965 858 ssuasuaamusrs

266 961 339 1024 Hos
353 960 482 1024 humilis
497 965 622 1026 cautela
636 963 718 1044 fugit
731 964 893 1048 virtusque
910 970 1066 1049 probata,

351 1062 415 1125 Sed
430 1073 536 1126 tamen
551 1061 712 1126 interdum
725 1063 809 1126 livor
821 1073 993 1149 utramque
1009 1068 1095 1133 ierit

579 1166 631 1227 Dc
645 1161 893 1247 Euplordiaaic.

264 1264 339 1326 Nou
355 1273 404 1326 est
416 1273 493 1347 apta
506 1266 604 1351 loqui,
620 1264 677 1328 sed
692 1264 802 1329 sordes
816 1266 939 1349 lingere
954 1279 1034 1333 nata

351 1366 1128 1455 Lingualoquax,sumperadmaledictaprocax.
1144 1379 1228 1440 1⁷80

263 1469 434 1553 Euphorbi
447 1470 552 1533 rabies
566 1470 628 1533 hac
644 1479 735 1552 peste
750 1470 874 1534 laborat
887 1472 1032 1557 agitque,

352 1567 462 1633 Gratia
478 1591 519 1633 ne
534 1570 639 1652 rigeat
652 1569 718 1632 sire
733 1567 838 1632 fidelis
853 1591 952 1649 amor,

266 1673 318 1735 Ne
334 1693 398 1756 qua
413 1671 528 1734 domus
542 1691 654 1754 pacem
669 1680 789 1748 teneat,
801 1692 843 1734 nc
859 1672 1001 1738 claustra
1017 1676 1184 1758 quietem:

351 1771 449 1836 Curia
463 1793 503 1836 ne
518 1772 640 1854 qumvis
656 1780 723 1835 tuta
738 1793 867 1837 manere
882 1786 991 1856 queat.

266 1860 813 1958 Iinguanocensplanosiucrustat,
820 1886 933 1939 sancta
941 1878 1132 1961 prophanat
1143 1883 1228 1944 1786

354 1976 487 2058 Semper
501 1985 534 2039 et
548 1975 581 2038 iu
597 1987 730 2041 cunctos
744 1971 854 2040 toxica
868 1997 952 2040 sarva
962 1976 1056 2062 jacit.

627 2080 679 2141 Dc
695 2078 850 2141 Baccara.

266 2179 428 2264 Quicquid
444 2181 552 2259 habet,
566 2200 770 2264 quaecunque
791 2189 907 2264 potest,
922 2183 1062 2266 exponit
1076 2196 1112 2249 et
1132 2189 1230 2252 euers

353 2283 508 2353 Baccara,
523 2293 619 2364 teque
635 2283 702 2346 suis
716 2285 813 2347 rebus
827 2303 919 2366 cgere
933 2293 1035 2363 vetut,

267 2380 412 2445 Grandia
425 2382 589 2464 promittit,
604 2403 665 2447 nec
679 2404 779 2466 parva
793 2385 939 2464 daturus,
953 2386 1078 2451 amicos

351 2483 405 2547 Sic
421 2485 509 2562 beat,
520 2493 557 2548 ut
570 2486 690 2549 nullam
706 2498 813 2552 sumat
826 2508 949 2569 egenus
965 2509 1072 2572 opem.
1141 2496 1232 2557 1740

265 2583 301 2647 Si
314 2584 397 2667 petis
411 2583 578 2661 auxilium,
592 2596 691 2666 negat
706 2587 780 2663 hoc,
794 2587 823 2650 si
838 2588 992 2667 consulis,
1007 2588 1133 2669 haret,

353 2686 442 2769 Ergo
458 2685 536 2769 quid
552 2683 729 2770 expectas?
754 2686 899 2750 Baccara
913 2706 1041 2768 semper
1052 2689 1129 2754 crit.

659 2790 710 2851 Dc
724 2789 827 2852 Dauo.

269 2875 474 2964 Garrulitate,
489 2888 573 2953 dolis
588 2892 787 2954 conturbans
800 2890 909 2954 omnia
921 2891 1035 2956 Davus

356 2991 515 3055 Omnibus
528 2991 646 3066 illudit,
661 2992 743 3055 risus
758 2990 875 3075 etipse
890 2992 1014 3056 domus.

271 3091 447 3176 Sergiorum
462 3093 567 3157 cernis
582 3106 674 3174 gestu
688 3093 871 3177 promittere
887 3094 1043 3171 Scaevam,
1143 3101 1232 3165 1745

355 3196 506 3279 Expecta
519 3194 692 3272 modicum,
707 3193 944 3278 sardanapalus
958 3195 1028 3259 crit.

567 3298 619 3361 Dc
631 3293 737 3359 schola
755 3293 914 3359 ruerem.

270 3398 426 3462 Thersitae
441 3399 561 3461 similes
575 3397 723 3482 producit
738 3397 827 3462 curia
841 3399 971 3476 multos,

357 3501 447 3573 Quos
466 3500 590 3578 schola,
604 3519 687 3582 quos
705 3501 812 3575 urbes,
827 3520 910 3583 quos
925 3500 994 3563 lora
1010 3521 1093 3565 rana
1108 3501 1229 3581 ferunt,

270 3599 359 3672 Quos
374 3601 453 3664 aluit
467 3622 580 3682 pagus,
597 3622 677 3686 quos
691 3601 787 3665 mittit
800 3602 937 3665 barbara
949 3602 1057 3676 tellus,

357 3700 448 3773 Quos
468 3703 631 3765 Venusia
654 3702 813 3780 thalamis,
836 3713 1002 3791 castraque
1024 3703 1142 3768 Martis
1165 3705 1224 3770 ha·

482 3801 572 3879 bunt,
1135 3807 1224 3870 1⁷50

270 3902 359 3974 Quos
374 3898 470 3963 ctiam
486 3900 616 3966 mittunt
631 3903 750 3967 vivaria
764 3916 858 3990 rupta
871 3906 1020 3985 virumn,

354 4003 462 4076 Quum
479 4002 588 4066 Venus
603 4002 752 4088 impellit,
767 4028 905 4091 quumre
920 4008 1067 4072 Lauerna
1080 4008 1189 4073 trahit

543 4104 635 4173 Quod
647 4126 745 4170 mores
758 4107 951 4171 attendendi.

269 4211 416 4295 Depinxi
430 4231 534 4274 mores
548 4209 726 4283 hominum,
743 4232 808 4294 quo
824 4211 946 4275 cautior
959 4231 1059 4289 esses,

356 4315 441 4378 Nam
457 4333 515 4398 pro
529 4331 667 4396 persona
681 4312 817 4396 quiaque
832 4312 988 4377 colendus
1001 4311 1069 4375 erit

267 4415 415 4481 Moribus
424 4430 473 4480 est
482 4414 779 4480 tribuendushouor
787 4416 956 4503 cultusque
964 4412 1118 4501 probatis,
1138 4418 1224 4481 17⁶5
