2992 5592
272 839 337 886 css.
355 821 428 899 111.]
623 837 869 884 uerasosrcus¹
1182 818 1224 884 tt

269 989 317 1070 sis,
332 988 398 1053 vim
416 987 570 1076 penderet
590 988 769 1053 rationumt
792 1009 854 1052 nou
875 1002 980 1053 tamen
1001 988 1082 1053 hsnc
1096 988 1129 1053 iu
1143 993 1223 1056 artis

268 1090 390 1176 redegit
413 1091 582 1176 peritiam
606 1100 743 1176 praeerrd
758 1104 862 1156 tumen
880 1113 958 1156 usus
975 1103 1007 1156 et
1027 1090 1224 1172 exercitatio,

268 1215 351 1280 quse,
378 1193 463 1258 sicut
487 1192 521 1257 in
545 1191 626 1270 aliis,
650 1192 696 1257 ita
722 1205 756 1257 et
782 1191 833 1257 hic
858 1205 1020 1279 precepta
1044 1193 1221 1258 antecessit.

269 1294 394 1360 Deinde
416 1293 605 1361 Aristoteles
624 1294 703 1359 artis
722 1294 849 1378 regulas
871 1293 1094 1381 deprehendit,
1108 1307 1141 1360 et
1157 1306 1221 1359 trs·

268 1395 360 1462 didit.
408 1396 474 1460 Hic
495 1410 544 1461 est
567 1395 854 1482 Peripateticorum
878 1397 1036 1482 princeps,
1052 1418 1149 1482 quem
1170 1419 1222 1460 ars

269 1496 328 1562 istu
351 1497 552 1584 praecipuum
575 1493 687 1560 laudat
707 1505 880 1571 auctorem,
901 1507 933 1559 et
955 1495 1012 1581 qui
1034 1494 1111 1560 alias
1131 1495 1224 1561 disci·

268 1599 369 1685 plinas
398 1620 585 1664 communes
615 1596 712 1662 habet
739 1620 813 1661 cum
841 1596 1027 1663 auctoribus
1052 1597 1135 1661 suis:
1166 1598 1222 1662 sed

268 1701 349 1767 hunc
367 1723 427 1765 suo
442 1701 517 1788 jure
531 1699 715 1779 vendicans,
729 1722 748 1762 a
763 1698 957 1785 possessione
978 1697 1066 1762 illius
1087 1699 1223 1766 exclusit

268 1816 409 1869 coeteros.
455 1805 501 1867 Et
524 1802 598 1867 licet
613 1801 690 1866 alibi
705 1799 746 1864 de
761 1823 799 1864 eo
821 1799 947 1887 plenius
968 1799 1156 1886 scripserim,
1170 1825 1224 1866 ne-

269 1927 431 1992 quequam
459 1904 511 1971 hic
537 1903 694 1969 silendum
724 1902 859 1978 credidi,
890 1899 969 1988 quid
999 1900 1040 1964 de
1069 1924 1109 1968 eo
1136 1902 1222 1970 dicut

269 2005 504 2084 Quintilianus:
541 2004 630 2081 Quid
648 2007 846 2071 Aristotelem
866 2024 1033 2080 memorem,
1055 2025 1142 2091 quem
1163 2008 1223 2070 sei·

267 2109 353 2172 entia
367 2130 480 2185 rerum,
497 2109 616 2184 dubito,
628 2130 671 2171 un
685 2110 867 2191 scriptorum
882 2108 985 2188 eopia,
1002 2128 1044 2170 an
1061 2109 1223 2192 eloquendi

267 2229 330 2285 usu,
347 2231 390 2272 en
405 2210 560 2274 srmvitute
577 2209 703 2292 eloquii,
720 2229 763 2271 cn
784 2207 992 2271 inventionum
1012 2210 1163 2288 acumine,
1178 2231 1222 2272 au

269 2315 424 2379 emistute
438 2336 574 2400 operum,
590 2314 752 2378 clariorem
762 2315 895 2398 putem?

269 2490 349 2576 Cep.
362 2495 393 2554 3.
418 2491 512 2566 Quod
525 2492 625 2574 lupico
637 2489 934 2573 philosophantibus
944 2492 1149 2574 preelegendu
1163 2500 1220 2569 est,

308 2601 341 2656 st
355 2593 394 2656 de
407 2594 590 2680 differentia
611 2593 870 2669 demonstrative,
886 2595 1023 2674 itemque
1039 2595 1222 2677 probabilis,

310 2694 449 2776 sogtcae,
466 2702 496 2759 et
511 2693 712 2777 Sophisticee.

310 2827 486 2890 Vmsurss
508 2823 616 2910 itaque
631 2823 843 2910 peripatetici,
858 2827 944 2908 quod
960 2847 1042 2910 opus
1059 2829 1096 2890 in
1110 2847 1220 2903 usum,

267 2945 348 2990 usus
368 2928 511 2990 transire
527 2935 632 3009 potest
644 2926 677 2989 in
693 2939 807 3004 artem,
822 2925 910 3011 quod
927 2949 1043 3011 vagum
1067 2926 1172 2991 fuerat
1188 2939 1221 2991 et

267 3024 476 3119 licentiosum,
499 3027 594 3092 certis
615 3025 735 3112 regulis
758 3027 981 3114 subjecerunt:
1013 3026 1221 3092 excludentes

268 3126 441 3204 mendacia,
451 3128 636 3215 supplentes
647 3127 843 3216 imperfecta,
854 3140 1029 3193 resecantes
1041 3127 1220 3212 superflua;

268 3241 301 3292 et
316 3229 349 3292 in
365 3229 511 3294 omnibus
526 3242 687 3316 praecepts
700 3250 841 3314 congrua
856 3228 1109 3314 praescribentes.
1144 3230 1223 3294 Pro-

268 3327 352 3395 l'ects
362 3329 461 3414 igitur
472 3331 546 3395 hinc
555 3343 615 3406 est,
625 3344 657 3395 et
670 3330 714 3395 sic
726 3327 877 3417 perlecta,
887 3329 1018 3395 scientis
1029 3329 1221 3407 disserendi;

268 3453 343 3517 quae
352 3429 539 3519 disputandi
552 3432 673 3510 modos,
683 3446 715 3497 et
725 3432 863 3498 rationes
874 3431 1100 3519 probationum
1108 3438 1222 3521 aperit,

270 3532 515 3618 procedentibus
537 3533 618 3597 viam
639 3545 742 3620 paret,
756 3556 822 3621 qus
843 3531 922 3620 quid
938 3532 971 3598 in
991 3532 1086 3599 dictis
1102 3555 1223 3619 verum,

269 3635 349 3723 quid
371 3635 500 3717 falsum,
515 3635 593 3723 quid
618 3639 840 3717 necessarium,
855 3636 937 3723 quid
957 3634 1151 3724 impossibile
1170 3639 1222 3716 sit,

268 3736 454 3802 innotescit:
496 3737 567 3800 aliis
596 3736 824 3824 philosophicis
852 3736 1029 3824 disciplinis
1065 3740 1224 3824 posterior

269 3849 423 3924 tempore,
438 3835 495 3902 aed
515 3836 626 3900 ordine
642 3836 753 3922 prima.
801 3835 1034 3902 Inchoantibus
1053 3838 1136 3902 enim
1153 3840 1224 3924 phi-

267 3935 458 4025 losophiam,
474 3936 679 4024 praelegeuda
698 3949 758 4014 est,
773 3957 812 3999 eo
828 3936 915 4024 quod
939 3960 1065 4013 vocum,
1084 3952 1116 4005 et
1131 3939 1224 4003 iutel-

266 4036 408 4105 lectuum
425 4039 583 4126 interpres
598 4052 657 4119 est,
671 4037 737 4103 sine
753 4039 872 4126 quibus
890 4039 998 4106 nullus
1013 4039 1224 4127 philosophice

267 4141 423 4207 articulus
435 4154 520 4207 recte
531 4141 676 4227 procedit
688 4143 719 4206 in
733 4140 845 4206 lucem.
879 4142 942 4218 Qui
955 4165 1030 4206 vero
1044 4143 1110 4206 sine
1121 4141 1226 4224 logice

267 4239 504 4327 philosophiam
527 4239 632 4305 doceri
655 4253 762 4328 putst,
785 4241 869 4306 idem
891 4263 912 4304 a
934 4240 1098 4326 sapientire
1122 4238 1224 4315 cultu,

266 4343 411 4406 omnium
436 4362 540 4405 rerum
563 4341 753 4406 exterminet
775 4341 923 4416 rationes,
946 4340 1024 4426 quis
1049 4339 1095 4402 eis
1122 4337 1225 4424 logica

267 4443 430 4530 presidet.
466 4444 513 4508 Ut
529 4443 724 4508 divertamus
738 4443 780 4507 ad
795 4441 933 4519 fabulas,
946 4438 1072 4526 φρόνησιν
1086 4463 1224 4507 sororem

312 4566 386 4612 vot.
402 4565 434 4610 v.
734 4565 754 4611 u
