2992 5592
273 831 358 879 smr.
373 814 435 896 ra]
557 831 600 875 nu
616 829 747 875 samma
765 830 934 875 sarsurus.
1162 816 1229 875 219

273 984 390 1050 Anima
412 1004 550 1067 namque
574 981 720 1045 immixta
742 996 789 1045 est
814 981 940 1066 spiritui
962 979 1145 1046 tenuissimo
1168 1002 1225 1064 per

271 1087 401 1152 arterias
410 1083 543 1163 diffuso3
560 1083 730 1148 itascilicet
740 1097 777 1147 ut
788 1084 920 1169 spiritus
928 1082 982 1147 ille
993 1082 1035 1148 sit
1046 1079 1225 1146 vehiculum

270 1191 395 1262 animan,
406 1198 437 1248 et
451 1182 539 1248 illius
550 1183 682 1269 spiritus
694 1183 876 1248 vehiculum
889 1186 928 1247 sit
941 1183 1080 1268 sanguis.
1103 1182 1225 1268 Dirigi-

274 1302 327 1351 tur
336 1284 455 1349 arteria
466 1283 615 1370 quoedam
625 1283 681 1348 illu
691 1284 805 1370 spiritu
817 1285 924 1370 plena:
942 1283 982 1347 ad
995 1283 1105 1348 oculos
1115 1282 1224 1348 divisa.

271 1387 335 1454 Ille
350 1385 484 1473 spiritus
506 1408 678 1470 corporeus
691 1385 941 1450 instrumentum
957 1398 1004 1449 est
1020 1386 1147 1461 animae,
1169 1406 1226 1470 per

270 1484 627 1578 quodvideudisensum
640 1499 783 1560 exercet3
800 1507 901 1571 quum
912 1501 1019 1550 autem
1029 1484 1159 1570 aliquod
1171 1484 1227 1549 nb-

267 1590 427 1658 stsculum
440 1589 574 1667 invenit,
582 1590 816 1673 repercutitur;
830 1586 904 1651 ideo
914 1587 956 1651 ad
965 1585 1225 1673 perpendendum

268 1693 355 1780 quod
376 1692 485 1756 obstat
507 1690 613 1753 anima
632 1692 801 1754 excitatur.
846 1687 998 1753 Similiter
1020 1686 1152 1774 spiritus
1173 1686 1227 1750 ille

269 1817 326 1883 per
348 1794 431 1859 duas
452 1790 584 1855 arterias
605 1790 646 1854 ad
669 1812 763 1854 aures
784 1788 922 1853 directas
943 1788 1091 1869 diffusus,
1111 1789 1228 1854 animus

267 1911 316 1962 est
336 1897 586 1960 instrumentum
607 1890 778 1965 audiendi;
807 1912 882 1954 voce
902 1890 1127 1977 repercutitur,
1140 1889 1227 1954 ideo·

270 2021 334 2084 que
359 1996 467 2062 anima
491 1995 531 2060 ad
558 1993 801 2061 discernendum
826 2014 939 2058 sonum
961 1995 1130 2060 excitatur.
1176 1993 1228 2059 Sic

270 2101 401 2188 spiritus
421 2121 480 2186 per
495 2099 625 2163 arterias
644 2098 684 2162 ad
706 2120 798 2162 nares
817 2096 964 2176 diffusus,
979 2098 1226 2162 instrumentum

269 2215 317 2266 est
331 2199 505 2275 odorandi3
535 2200 579 2263 Et
601 2200 682 2263 sicut
698 2195 829 2263 auditus
848 2198 884 2263 fit
900 2198 931 2262 iu
947 2222 1018 2263 aere
1033 2198 1228 2276 tenuissimo,

272 2304 316 2368 sic
331 2303 485 2367 odoratus
507 2302 539 2365 in
559 2323 629 2364 aere
650 2302 752 2387 spisso
766 2320 798 2366 et
813 2324 853 2364 ex
872 2325 905 2364 se
925 2300 1067 2375 lumnam
1094 2302 1168 2367 ideo
1187 2324 1226 2366 ex

270 2406 455 2473 fumositate
471 2403 601 2490 spiritus
621 2402 779 2482 tardatur,
793 2422 825 2468 et
840 2404 944 2468 anima
960 2405 1001 2468 ad
1023 2405 1108 2469 illius
1122 2405 1227 2470 fumo·

270 2508 373 2573 sitatis
382 2507 513 2570 odorem
523 2505 1037 2590 comprehendendumexcitatur.
1062 2508 1113 2571 Sic
1123 2507 1227 2572 utitur

271 2615 374 2676 anima
390 2609 508 2696 spiritu
525 2608 642 2671 diffuso
653 2628 711 2692 per
725 2606 857 2671 arterias
869 2607 1005 2672 directas
1019 2609 1058 2670 ad
1072 2608 1227 2694 palatum,

269 2711 356 2798 qnod
374 2725 424 2776 est
444 2707 661 2797 spongiosum.
703 2711 815 2782 Quum
831 2720 937 2772 autem
953 2709 1069 2772 humor
1084 2707 1225 2795 palatum

271 2813 441 2891 subintrat,
460 2811 592 2895 spiritus
614 2809 774 2889 tardatur,
788 2823 819 2874 et
842 2808 948 2872 anima
967 2808 1007 2872 ad
1029 2808 1225 2893 gustandum

271 2914 440 2978 excitatur.
472 2911 594 2999 Spiritu
609 2934 741 2996 qnoque
754 2934 810 2995 per
824 2909 980 2974 medullas
991 2907 1107 2974 diffuso
1123 2909 1227 2975 utitur

271 3017 375 3081 anima
391 3035 450 3099 pro
464 3013 696 3084 instrumento;
725 3035 826 3099 quum
842 3013 924 3076 enim
944 3012 1079 3076 solidum
1096 3012 1226 3100 aliquod

272 3117 396 3202 corpori
411 3118 530 3194 obstat,
544 3114 676 3200 spiritus
696 3114 854 3190 tardatur,
869 3129 901 3178 ct
921 3115 1026 3179 anima
1039 3114 1081 3177 ad
1096 3127 1227 3199 tangen-

272 3218 350 3283 dum
367 3219 536 3282 excitatur.
582 3217 696 3282 Utitur
719 3219 829 3303 itaque
843 3216 947 3280 anima
967 3217 1051 3280 circa
1064 3216 1174 3280 oculos
1196 3217 1227 3280 vi

271 3322 376 3406 ignea,
392 3320 475 3383 circa
489 3342 583 3382 aures
604 3341 707 3394 aerea,
723 3318 779 3383 sed
804 3340 896 3405 pura,
913 3318 996 3381 circa
1017 3340 1107 3384 nares
1126 3342 1228 3395 aerea,

273 3424 327 3487 sed
350 3424 454 3509 spissa
476 3437 508 3485 et
531 3422 670 3497 fumosa,
693 3421 778 3484 circa
799 3424 942 3504 palatum
964 3423 994 3484 vi
1016 3444 1129 3507 aquea,
1145 3420 1229 3485 circa

274 3523 429 3589 medullas
443 3534 556 3602 terrea,
572 3521 747 3585 secundum
770 3519 913 3585 ordinem
935 3535 1075 3606 quatuor
1093 3522 1228 3587 alemen-

273 3639 390 3702 torum‚
407 3639 438 3689 et
456 3647 556 3712 quum
572 3621 667 3688 altior
681 3636 713 3687 et
729 3622 877 3687 subtilior
894 3623 935 3687 sit
956 3624 1097 3709 spiritus,
1112 3629 1171 3709 qui
1185 3625 1226 3689 ad

271 3726 381 3790 oculos
395 3726 561 3811 dirigitur,
577 3724 649 3788 ideo
665 3725 803 3789 velocior
818 3739 850 3790 et
872 3727 997 3790 acutior
1010 3742 1058 3793 est
1079 3728 1126 3792 vis
1141 3729 1227 3793 visus

273 3853 368 3915 quam
385 3829 537 3911 auditus3
565 3829 650 3893 unde
667 3832 703 3893 lit
718 3842 756 3894 ut
769 3831 1003 3895 coruscationes
1017 3832 1107 3917 prius
1122 3831 1227 3895 videa·

271 3949 344 3994 mus
370 3953 465 4015 quam
494 3931 635 3995 tonitrua
664 3930 843 4006 audiamus,
871 3954 970 4017 quum
1003 3947 1106 3996 tamen
1133 3931 1228 3996 simul

272 4032 360 4096 liant.
407 4032 582 4110 Quaeritur,
602 4054 700 4115 quum
725 4032 874 4097 subtilior
897 4035 938 4097 sit
960 4033 1091 4118 spiritus
1108 4036 1165 4116 qui
1186 4031 1228 4095 ad

270 4131 380 4195 oculos
402 4154 499 4216 quam
521 4132 577 4217 qui
600 4131 641 4193 ad
664 4154 757 4195 aures
776 4131 937 4215 dirigitur,
952 4155 1053 4217 quare
1075 4132 1163 4194 visus
1184 4131 1228 4193 nil

273 4231 330 4294 nisi
343 4254 489 4315 grossum
506 4246 538 4295 et
551 4245 689 4295 terreum
706 4230 1105 4318 comprehendat‚auditus
1119 4253 1227 4294 vocem

271 4356 310 4397 ex
328 4356 400 4397 aere
414 4333 597 4398 tenuissimo
612 4346 807 4397 constantem
825 4334 950 4397 sentiat,
981 4329 1127 4394 Dicimus
1141 4332 1228 4416 quod

271 4435 332 4498 hoc
349 4434 423 4499 lacit
441 4436 600 4499 radiorum
624 4433 758 4497 directio
774 4456 830 4517 per
845 4431 964 4507 oculos,
980 4433 1036 4515 qui
1059 4430 1138 4495 adco
1154 4434 1226 4498 sub-
