2992 5592
412 802 471 863 los
676 815 813 859 Joansis
830 814 1107 858 sanasunnnnsis
1223 794 1306 873 [uin.
1323 812 1361 857 11.

407 967 499 1048 alter)
530 965 720 1041 differentes
752 965 864 1050 speciei
897 978 1042 1029 censetur
1071 963 1208 1028 nomine.
1265 962 1360 1040 Quod

407 1082 513 1133 autem
530 1068 726 1133 diversarum
752 1071 924 1133 formarum
948 1069 1039 1154 quasi
1053 1066 1234 1130 communis
1255 1066 1362 1147 imago

406 1185 463 1248 est,
493 1172 617 1256 generis
646 1173 786 1258 suscepit
820 1194 943 1235 nomen.
1002 1173 1103 1256 Ergo,
1132 1193 1172 1233 ex
1207 1169 1364 1232 sententia

406 1272 594 1352 Aristotelis,
604 1297 721 1357 genera
735 1289 766 1338 et
784 1278 912 1360 species,
925 1295 986 1336 non
1002 1271 1130 1335 omnino
1144 1273 1225 1355 quid
1237 1274 1290 1345 rit,
1307 1269 1362 1334 sed

405 1380 499 1461 qrrale
532 1379 613 1461 qaid
645 1376 881 1463 quodammodo
916 1375 1158 1463 concipiuntur:
1200 1389 1234 1438 et
1269 1375 1360 1460 qnasi

405 1481 554 1567 quaedam
582 1494 655 1545 sunt
681 1480 832 1565 figmenta
860 1477 1002 1555 rationis,
1025 1478 1171 1563 seipsam,
1195 1479 1228 1541 in
1256 1497 1359 1539 rerum

408 1583 623 1669 inquisitione,
640 1596 670 1646 et
686 1581 844 1658 doctrina,
855 1581 1004 1646 subtilius
1018 1579 1203 1644 exercentis.
1242 1580 1289 1642 Et
1303 1578 1360 1640 hoc

408 1684 536 1770 quidem
559 1684 706 1762 fideliter,
726 1685 803 1770 quia
826 1685 975 1769 quotiens
997 1707 1079 1769 opus
1099 1696 1159 1759 est,
1180 1681 1360 1766 agitationis

408 1809 474 1850 suoe
490 1787 689 1851 manifestum
708 1787 738 1849 in
756 1787 851 1849 rebus
865 1785 1014 1871 producit
1030 1783 1225 1870 exemplum.
1267 1783 1319 1846 Sic
1329 1796 1359 1846 et

403 1889 460 1973 jus
474 1888 565 1952 civile
584 1911 642 1952 sua
664 1888 816 1970 figmenta
837 1888 940 1952 norit:
972 1901 1004 1952 et
1019 1886 1188 1972 disciplina
1210 1885 1357 1973 quoelibet

408 2015 456 2063 ea,
483 2013 541 2074 per
569 2013 644 2075 qnae
671 1990 771 2074 ipsius
800 1989 953 2074 procedat
982 2012 1068 2068 usus,
1093 1988 1275 2073 excogitare
1299 2009 1357 2051 non

408 2094 577 2167 erubescit,
590 2091 644 2155 sed
662 2092 800 2176 propriis
810 2091 1048 2177 quodammodo
1059 2092 1221 2176 figmentis
1233 2091 1359 2176 gaudet.

409 2193 591 2272 Gaudeant,
607 2192 723 2277 inquit,
741 2192 944 2269 Aristoteles,
961 2194 1096 2280 species:
1122 2207 1261 2258 monstra
1279 2193 1357 2256 enim

407 2311 501 2369 sunt;
534 2295 594 2370 vel,
621 2294 798 2358 secundnm
827 2317 940 2359 novam
968 2295 1214 2371 translationem,
1242 2295 1360 2359 cicada-

407 2398 508 2462 tiones
534 2397 616 2461 eninr
641 2412 737 2470 sunt;
776 2411 831 2461 aut
860 2399 885 2462 si
913 2412 997 2472 sunt,
1023 2398 1101 2461 nibil
1128 2397 1169 2461 ad
1197 2397 1358 2461 rationem.

408 2500 502 2579 Quod
524 2500 583 2563 etsi
607 2498 647 2562 de
671 2498 842 2563 Platonicis
865 2499 944 2564 ideis
967 2501 1064 2586 possit
1089 2499 1237 2586 intelligi,
1253 2499 1359 2562 babita

409 2617 513 2667 tamen
535 2604 656 2667 ratione
678 2601 947 2687 oeqnivocationis,
963 2626 1029 2688 qua
1052 2625 1120 2676 erra,
1136 2603 1187 2667 vel
1208 2626 1278 2666 esse
1301 2599 1361 2663 dis·

408 2706 580 2792 tinguitur,
611 2729 669 2791 pro
698 2704 882 2770 diversitate
921 2707 1152 2792 subjectorum,
1181 2707 1302 2794 species
1332 2720 1362 2770 et

409 2833 526 2895 genera
556 2823 729 2894 utrumque
759 2831 820 2872 non
852 2813 917 2873 sine
948 2809 1079 2889 ratione,
1104 2830 1171 2874 esse
1201 2810 1360 2874 dicuntur.

411 2910 586 2976 Persuadet
608 2912 692 2974 enirn
720 2915 813 2988 ratio,
831 2925 866 2974 nt
891 2934 928 2975 ea
953 2910 1102 2975 dicantur
1126 2934 1205 2990 esse,
1225 2931 1356 2997 quornm

411 3013 558 3099 exempla
583 3013 823 3097 conspiciuntur
849 3013 882 3076 in
910 3012 1137 3097 singularibus,
1159 3035 1234 3098 quoe
1256 3010 1361 3076 nullus

408 3117 541 3201 ambigit
571 3139 646 3181 esse.
701 3114 773 3178 Non
804 3127 910 3178 autern
942 3115 986 3178 sic
1013 3114 1164 3179 dicuntur
1191 3137 1307 3199 genera
1329 3127 1359 3177 et

409 3220 528 3302 species
553 3219 746 3304 exemplaria
768 3217 988 3303 singularium,
1013 3232 1060 3292 ut,
1082 3219 1180 3304 juxta
1207 3216 1359 3283 Platonici

408 3314 567 3398 dogmatis
597 3339 734 3392 sensnm,
766 3317 876 3379 lormae
906 3316 967 3381 sint
994 3317 1206 3402 exemplares‚¹
1228 3341 1300 3404 quae
1329 3318 1359 3381 in

408 3429 513 3478 mente
543 3415 652 3478 divina
680 3416 925 3500 intelligibiliter
953 3420 1162 3495 constiterint,
1189 3434 1358 3506 antequam

407 3515 570 3602 prodirent
597 3517 629 3579 in
660 3540 810 3601 corpora:
852 3520 905 3583 sed
933 3522 1094 3607 quoniam,
1120 3523 1145 3586 si
1176 3523 1251 3608 quis
1280 3525 1359 3608 ejus,

408 3616 495 3703 qnod
537 3618 750 3682 communiter
778 3622 963 3707 concipiter,
993 3622 1106 3687 audito
1134 3623 1195 3687 hoc
1225 3626 1359 3703 nomine,

408 3722 510 3795 bomo,
531 3731 588 3781 aut
612 3719 700 3805 quod
725 3720 889 3801 delinitur,
911 3747 1013 3809 quum
1036 3724 1155 3789 dicitur
1177 3725 1273 3791 bomo
1296 3748 1360 3790 esse

407 3819 522 3885 animal
546 3821 697 3885 rationale
721 3824 865 3902 mortale,
888 3842 1014 3912 quaerat
1036 3828 1232 3914 exemplum,
1254 3830 1358 3894 statim

407 3921 436 3986 ei
467 3921 561 3986 Plato
590 3922 711 3988 aliusve
742 3925 903 3991 hominnm
941 3929 1139 4013 singulorum
1168 3930 1359 4006 ostenditur,

408 4036 445 4088 nt
482 4027 693 4091 communiter
731 4027 938 4112 significantis
972 4043 1029 4094 aut
1063 4030 1244 4095 definientis
1281 4035 1360 4097 ratio

406 4126 569 4194 solidetur.
631 4131 770 4194 Possunt
800 4143 830 4193 et
862 4144 1004 4195 monstra
1033 4131 1108 4210 dici,
1133 4137 1286 4219 quoniam
1313 4134 1358 4197 in-

407 4229 506 4292 vicem
542 4251 592 4293 res
618 4229 760 4314 singulas
795 4245 982 4308 monstrant,
1012 4247 1044 4296 et
1074 4249 1292 4300 monstrantur
1319 4233 1358 4298 ab

404 4331 469 4394 eis:
508 4331 544 4395 lit
574 4331 657 4395 enirn
687 4352 773 4394 nunc
807 4352 864 4415 per
893 4331 1009 4417 priora,
1040 4355 1124 4397 nunc
1164 4357 1221 4419 per
1256 4349 1359 4421 poste-

408 4426 491 4495 riora
515 4452 619 4494 reruni
642 4430 864 4496 manifestatio.
910 4430 994 4505 Quae
1016 4448 1121 4500 antem
1142 4437 1358 4501 communiora
