2992 5592
473 798 550 842 vrrs
567 797 684 842 stucr1
701 799 829 842 ruoun
846 799 1011 845 cateruas.
1156 787 1220 846 865

271 950 497 1032 sponsionibus
520 962 696 1035 promptus,
713 951 822 1034 justus
846 952 879 1013 in
897 950 1039 1034 judiciis,
1055 963 1087 1015 et
1108 973 1216 1036 perso-

269 1071 380 1113 narum
403 1071 532 1134 prorsus
555 1051 743 1134 acceptione
767 1050 916 1127 deducta,
933 1050 1015 1134 juris
1034 1073 1092 1134 per
1111 1055 1220 1117 omnia

270 1151 463 1214 rectissimus
478 1164 639 1214 executor.
685 1152 752 1213 Sub
768 1152 934 1213 honestate
950 1154 1084 1215 vestium
1100 1155 1218 1218 Christi

269 1253 411 1328 militem,
434 1274 474 1313 ne
498 1253 607 1314 merita
630 1273 711 1314 vana
734 1253 834 1332 gloria
856 1253 1023 1329 minueret,
1045 1255 1219 1317 studiosius

268 1355 467 1416 occultabat:
501 1362 535 1415 ut
559 1352 656 1434 juxta
682 1353 837 1433 sapientis
863 1352 1004 1414 edictum
1035 1355 1121 1417 frons
1150 1355 1218 1439 ejus

270 1455 455 1518 conveniret
469 1456 606 1537 populo:
625 1475 723 1537 quum
739 1454 827 1516 intus
839 1467 945 1517 esseut
957 1456 1019 1516 sere
1031 1456 1138 1518 omnia
1153 1455 1217 1519 dis·

269 1554 394 1617 similia.
441 1555 510 1616 Nec
527 1555 559 1614 in
577 1554 728 1637 palatium
748 1553 789 1615 ad
813 1575 953 1615 mensam
970 1553 1218 1631 ingrediebatur,
1282 1579 1292 1595 ·

269 1656 331 1719 nisi
347 1655 541 1739 pauperibus
556 1653 773 1736 praeinductiS,
784 1666 816 1716 et
831 1655 872 1716 ad
888 1651 950 1716 lroc
966 1653 1065 1715 ditius
1079 1667 1112 1716 et
1127 1656 1218 1716 reser-

270 1755 334 1819 tius
349 1756 509 1818 nobilitari
530 1777 672 1818 mensum
688 1757 795 1830 voluit,
816 1767 852 1816 ut
873 1775 911 1816 ex
934 1753 1077 1836 reliquiis
1093 1755 1220 1836 plenius

265 1867 302 1918 et
316 1856 435 1937 gratius
451 1859 666 1919 consolaretur
688 1877 816 1937 egenos
862 1854 1012 1917 Ostiatim
1036 1852 1220 1917 mendican-

270 1957 347 2020 tium
363 1957 471 2019 nullus
487 1959 526 2019 ab
543 1956 612 2039 ejus
624 1956 731 2040 januis
744 1977 862 2018 vacuus
877 1954 979 2016 rediit.
1010 1954 1108 2016 Lares
1119 1974 1217 2035 aegro·

271 2077 339 2120 rum
361 2068 394 2120 et
416 2055 568 2120 debilium
583 2078 642 2140 per
662 2078 736 2119 suos
760 2056 944 2135 diligentius
967 2057 1174 2132 scrutabatur,
1187 2069 1220 2118 et

270 2157 438 2221 beneficiis
454 2158 613 2234 visitabat,
628 2158 879 2240 quamplurimos
901 2178 1008 2218 eorum
1032 2157 1219 2240 quotidiano

270 2259 357 2321 victu
381 2260 560 2340 vestituque
586 2270 776 2320 sustentans.
828 2257 934 2327 Quum
958 2257 1042 2318 enim
1070 2257 1130 2339 piae
1154 2278 1218 2320 me·

271 2360 380 2422 moriae
400 2359 607 2421 Theobaldus
631 2359 846 2441 praedecessor
867 2358 968 2440 ipsius
990 2368 1123 2421 statutas
1139 2380 1218 2442 prae·

271 2459 475 2523 decessorum
500 2481 626 2521 suonrm
654 2461 873 2541 eleemosynas
899 2459 1062 2542 duplicare
1086 2480 1221 2522 consue·

271 2561 360 2637 verit,
385 2561 438 2622 hic
466 2561 612 2642 religiosa
639 2561 839 2622 aemulatione
866 2560 962 2620 etiarn
987 2557 1122 2640 duplum
1152 2560 1220 2642 ejus

272 2662 396 2725 censuit
425 2660 668 2744 duplicandum.
713 2660 765 2721 Ad
795 2659 887 2741 cujus
912 2659 959 2740 pii
984 2659 1089 2740 operis
1112 2660 1221 2723 obser·

272 2763 422 2838 cantiam,
445 2763 598 2837 omnium,
624 2782 695 2842 quoe
721 2781 763 2822 ex
788 2779 979 2842 quocunque
1001 2760 1093 2820 titulo
1116 2761 1220 2842 perci·

272 2864 389 2946 pichot,
419 2862 559 2925 decimas
585 2860 791 2924 consecrarit.
845 2861 883 2922 In
914 2859 1075 2921 secretiori
1105 2861 1221 2923 cellula

272 2963 424 3027 tredecim
439 2985 613 3046 pauperum
638 2962 738 3045 pedes
761 2962 899 3024 curratis
921 2961 1056 3041 genibus
1078 2961 1221 3044 quotidie

271 3067 433 3141 abluebat,
455 3066 487 3126 in
512 3064 696 3125 memoriam
719 3061 839 3123 Christi
862 3061 995 3141 singulis
1018 3081 1125 3123 eorum
1148 3074 1222 3144 post

270 3167 399 3250 plenam
428 3166 634 3229 resectionem
665 3164 847 3225 victualium
884 3174 1019 3244 quatuor
1054 3174 1221 3243 argenteos

271 3265 418 3348 largiens.
463 3266 560 3338 Quod
590 3266 617 3326 si
647 3265 727 3326 forte
756 3262 930 3345 aliquando
959 3283 1028 3325 raro
1053 3272 1160 3326 tamen
1187 3264 1221 3325 in

272 3369 400 3450 propria
429 3387 565 3449 persona
594 3385 702 3444 gerere
730 3364 968 3446 prohibebatur,
994 3363 1055 3424 hoc
1086 3363 1220 3444 diligen·

271 3467 392 3530 tissime
423 3487 481 3550 per
510 3467 662 3527 vicarium
692 3464 834 3526 faciebat
861 3462 996 3544 impleri.
1041 3463 1222 3544 Religiosos

271 3567 355 3630 viros
377 3579 465 3629 tanta
487 3567 664 3628 reverentia
686 3564 882 3646 excipiebat,
897 3577 932 3624 ut
953 3562 1040 3625 credi
1063 3578 1172 3645 posset
1186 3586 1220 3628 se

272 3667 305 3730 in
322 3668 368 3729 eis
384 3667 525 3728 divinam
542 3665 744 3746 praesentiam
766 3675 821 3725 aut
836 3665 968 3743 angelos
984 3667 1135 3729 venerari.
1180 3667 1220 3729 In

271 3765 453 3830 exercenda
474 3765 690 3846 hospitalitate
713 3778 744 3827 et
765 3766 835 3827 aliis
857 3765 1056 3829 liberalitatis
1072 3769 1222 3851 operibus

271 3869 317 3931 sic
343 3866 496 3949 pollebat,
522 3877 557 3928 ut
581 3865 732 3949 quicquid
763 3877 831 3929 erat
854 3867 886 3928 in
914 3867 1116 3932 facultatibus
1142 3868 1222 3950 ejus,

271 3989 442 4032 commune
459 3967 683 4050 patrimonium
706 3968 847 4031 omnium
868 3970 1022 4030 bonorum
1038 3967 1126 4029 credi
1147 3988 1219 4048 pos-

271 4081 329 4132 set.
374 4071 419 4131 Et
434 4069 576 4152 quamvis
599 4068 714 4131 domus
737 4070 806 4151 ejus
829 4088 886 4149 pro
909 4087 996 4127 more
1011 4066 1117 4143 gentis
1132 4078 1221 4128 uten-

272 4171 385 4233 silibus
410 4171 559 4252 pretiosis
589 4183 621 4232 et
651 4169 860 4248 gerendorum
886 4166 979 4225 variis
1007 4165 1222 4228 instrumentis

271 4272 502 4345 nobilitaretur,
513 4270 639 4332 divitias
655 4283 760 4330 tamen
777 4279 809 4327 et
826 4283 904 4344 opes
919 4276 950 4325 et
966 4283 1093 4324 omnem
1110 4266 1222 4329 mundi

272 4371 503 4453 supellectilem
526 4389 584 4452 pro
604 4367 731 4430 Christo
753 4363 988 4434 contemnebat,
1004 4374 1039 4423 nt
1061 4375 1222 4443 stercora,
