2992 5592
618 1398 900 1473 PROLOGUS.

694 1608 801 1623 ἡ

317 1790 361 1852 Iu
377 1786 474 1853 rebus
488 1784 636 1850 humanis
658 1781 739 1849 nihil
755 1785 820 1849 iere
836 1783 880 1850 sic
900 1785 1039 1852 arbitror
1052 1785 1227 1867 elimatum,

276 1901 313 1955 ut
328 1888 437 1974 aliquo
450 1911 491 1952 ex
508 1899 599 1974 porte
614 1885 803 1951 detractioni
816 1909 878 1950 non
890 1900 1015 1974 pateam
1032 1911 1134 1975 quum
1147 1890 1230 1955 malo

274 1990 461 2067 demerito,
484 1988 568 2053 bono
591 1999 697 2052 nutem
721 1986 762 2050 de
784 1985 883 2051 livore
903 2001 1087 2074 carpantur.
1130 1989 1228 2055 Unde

273 2093 416 2157 mihimet
446 2093 589 2177 persuasi
615 2089 832 2153 detractorum
863 2089 989 2156 aculeos
1014 2096 1228 2179 aequonimius

272 2194 424 2259 tolerare:
467 2191 643 2279 praesertim
673 2213 777 2277 quum
806 2214 849 2255 ex
877 2191 988 2257 divina
1017 2193 1226 2279 dispositione

271 2309 387 2361 notura
408 2317 523 2381 parens
545 2317 603 2359 nos
628 2294 662 2357 iu
683 2315 721 2357 es
743 2305 839 2357 aetote
860 2306 892 2358 et
923 2298 1051 2380 regione
1076 2296 1225 2372 ediderit,

271 2399 440 2484 editosque
470 2419 538 2461 sors
568 2396 600 2460 in
634 2418 672 2459 ea
702 2394 895 2474 conditione,
925 2396 1225 2484 conviventiumque

270 2513 356 2564 coetu
382 2498 544 2578 locaverit,
559 2500 618 2584 qui
639 2495 764 2561 malunt
785 2497 888 2561 aliena
909 2521 1032 2584 cepere,
1048 2521 1144 2586 quom
1168 2522 1227 2565 sua

270 2600 441 2687 respicere,
457 2621 656 2684 componere,
669 2598 717 2661 vel
735 2597 914 2663 emendare.

412 2717 457 2768 Sic
473 2732 550 2768 nemo
560 2716 588 2767 in
600 2732 658 2768 sese
669 2720 755 2767 tentot
764 2713 928 2779 descendere,
940 2731 1027 2779 nemo,

409 2799 463 2852 Sed
473 2798 640 2871 precedentis
652 2803 782 2870 spectatur
793 2799 907 2851 mantica
919 2798 1003 2852 dorso.

269 2907 441 2969 Potueram
468 2900 598 2988 quidem
621 2899 823 2978 scholarium,
846 2912 1007 2967 eteorum
1034 2903 1091 2988 qui
1116 2903 1226 2970 Philo-

269 3004 389 3090 sophim
400 3003 526 3069 nomino
536 3002 738 3089 profitentur,
751 3015 926 3088 utcumque
935 3003 967 3066 in
978 3002 1103 3068 silentio
1112 3027 1224 3070 cavere

270 3129 406 3186 morsus,
422 3104 477 3170 sed
493 3102 622 3168 omnino
641 3124 704 3167 nou
721 3126 850 3190 possum
867 3102 1097 3167 concurialium
1113 3104 1226 3172 dentes

269 3209 411 3273 evadere.
457 3205 615 3272 Omnibus
629 3202 776 3289 obsequi,
792 3201 949 3265 nemiuem
959 3203 1088 3281 loedere,
1104 3203 1225 3272 solebat

271 3310 419 3396 prodesse
431 3309 472 3373 od
484 3308 637 3394 gratiam
654 3318 692 3370 ut
703 3305 802 3390 juxta
814 3303 992 3382 Comicum,
1004 3306 1087 3372 Sine
1099 3308 1225 3373 invidio

270 3414 397 3478 laudem
418 3415 577 3488 iuvenior,
599 3418 630 3476 et
652 3410 770 3472 amicos
787 3428 907 3491 porco:
938 3429 1022 3472 nunc
1044 3422 1151 3474 sutem
1173 3412 1224 3477 vel

268 3512 312 3576 sic
328 3535 401 3577 raro
421 3512 589 3599 proficitur
611 3508 653 3573 ad
675 3507 926 3574 commilitonum
950 3509 1103 3575 invidiam
1126 3514 1224 3598 repri-

270 3613 427 3678 mendam.
473 3614 557 3677 Nom
578 3611 777 3697 obsequendi
798 3633 868 3676 mos
887 3624 960 3676 noto
976 3612 1163 3699 abjectionis
1177 3616 1224 3680 in-

269 3715 395 3790 uritur;
422 3714 601 3778 innocentia
616 3712 815 3801 impotentior
833 3735 901 3777 esse
915 3713 1044 3779 videtur
1057 3716 1222 3802 professio.

267 3814 458 3880 Taciturnos
494 3814 681 3880 criminatur
710 3812 880 3887 indoctus3
916 3814 1074 3880 iucundus
1100 3818 1221 3885 accedit

268 3915 308 3980 ad
330 3914 487 4002 garrulos.
535 3912 590 3979 Vir
618 3914 726 3999 gravis
752 3913 861 3978 sedere
887 3914 1004 3980 dicitur
1029 3915 1061 3980 iu
1087 3917 1220 3995 insidiis,

268 4016 371 4080 minus
384 4015 495 4102 gravis
510 4038 530 4079 o
545 4014 672 4080 levitate
687 4015 839 4101 culpetur
853 4016 992 4102 ineptus.
1037 4019 1100 4095 Qui
1113 4020 1220 4083 mode-

268 4117 358 4182 stiam
375 4116 522 4203 sequitur
537 4116 698 4192 sermonis,
714 4132 747 4182 et
767 4116 883 4203 operis,
899 4130 1044 4183 censetur
1058 4119 1219 4184 factiosus.

269 4220 446 4296 Postremo,
463 4218 489 4282 si
504 4218 574 4283 rixa
589 4242 651 4283 non
675 4231 735 4298 est,
751 4222 805 4283 vix
826 4232 872 4284 est
890 4233 927 4284 ut
941 4220 1024 4284 livor
1038 4241 1100 4282 non
1116 4219 1156 4282 sit
1174 4219 1220 4282 iu-

267 4323 364 4387 curia.
412 4321 445 4385 Si
462 4333 567 4386 tamen
584 4321 617 4384 in
632 4319 712 4399 oleo,
727 4333 759 4385 et
769 4321 922 4402 venetica,
937 4317 1123 4402 caeterisque
1137 4322 1221 4385 curi-

269 4419 1218 4508 aliumnugisomncmintercommilitionesconsumpsissem
