2992 5592
268 815 464 896 nsnxm]
626 831 866 878 unrxnomcns.
1160 823 1220 882 18⁷

266 983 378 1061 ratim,
394 1004 491 1068 quani
516 1004 612 1067 supra
631 981 865 1045 nominavimus
880 983 1044 1060 rationem,
1062 1007 1221 1069 suumque

262 1083 421 1171 judicium
434 1096 573 1160 exercet,
586 1083 673 1169 quod
686 1082 797 1146 itidem
811 1084 891 1148 ratio
906 1086 1107 1171 appellatur:
1132 1087 1220 1173 quod

265 1185 396 1272 quidem
428 1183 590 1249 interdum
620 1206 744 1262 rerum,
775 1184 936 1248 interdum
967 1187 1134 1273 probabile
1162 1200 1220 1252 est.

269 1287 328 1352 Sed
345 1284 430 1352 retio
441 1308 516 1349 vera
530 1307 593 1349 non
605 1299 663 1362 est,
675 1285 734 1348 nisi
750 1288 792 1348 sit
808 1300 895 1351 certa
906 1300 938 1351 et
950 1288 1055 1352 firma:
1080 1312 1117 1352 eo
1133 1289 1220 1374 quod

266 1387 359 1467 ratio,
383 1409 499 1452 nomen
522 1384 728 1450 firmitudinis
754 1401 812 1451 est.
857 1390 947 1452 Nam
970 1397 1000 1452 et
1024 1400 1133 1454 ratum
1155 1412 1222 1454 non

266 1493 397 1571 dicitur,
422 1492 492 1553 nisi
520 1489 605 1570 quod
623 1491 763 1571 firmum
790 1499 848 1552 eat.
893 1489 941 1552 Ut
968 1490 1077 1574 itaque
1107 1512 1222 1576 magno

265 1591 387 1678 placuit
397 1590 595 1676 Augustino:
617 1591 718 1654 Ratio
729 1612 803 1653 vern
813 1590 912 1653 solius
921 1591 985 1654 Dei
994 1601 1051 1663 est,
1062 1603 1224 1670 eteorum,

268 1694 386 1776 quibus
400 1696 471 1775 ipse
484 1701 604 1755 certum
619 1695 780 1765 notitiam,
788 1694 994 1774 firmumque
1004 1695 1169 1772 judicium
1185 1695 1225 1758 de

266 1796 357 1860 rebus
377 1795 494 1858 haben
514 1797 674 1857 concessit.
721 1792 780 1856 Est
808 1803 914 1855 autem
937 1794 1223 1879 praedicamentalis

267 1893 431 1982 inspectio,
443 1907 475 1957 et
491 1893 594 1979 prima
608 1893 674 1957 t‘ere
690 1892 936 1979 philosophandi
949 1898 1011 1975 vin,
1023 1895 1064 1958 de
1079 1896 1223 1981 qualibet

267 2019 299 2062 re
314 1997 481 2082 proposita
494 1994 574 2080 quid
590 1997 631 2059 sit
647 1996 829 2060 attendere:
854 1996 996 2080 itemque
1016 1996 1136 2083 quibus
1151 2020 1224 2082 pro-

268 2097 460 2185 prietatibus
480 2096 521 2160 ab
537 2094 607 2161 aliis
627 2096 767 2170 differat,
785 2109 816 2159 et
833 2097 995 2181 quomodo
1010 2097 1080 2161 aliis
1099 2098 1224 2163 consor-

269 2212 382 2265 rnetnr.
428 2195 554 2261 Deinde
580 2219 619 2260 an
651 2197 692 2262 sit
722 2197 751 2261 ei
781 2197 861 2282 quid
887 2198 1092 2275 contrarium,
1119 2214 1151 2264 et
1180 2222 1221 2263 an

267 2301 371 2387 ipsum
387 2298 593 2384 susceptibile
615 2300 655 2362 sit
678 2300 919 2364 contrariorum.
966 2303 1047 2378 Quae
1060 2325 1161 2388 quum
1176 2302 1224 2367 in-

269 2414 454 2476 notuerunt,
470 2423 521 2465 res
535 2399 724 2466 familiarius
738 2402 909 2487 assignata,
926 2402 957 2465 in
974 2404 1118 2468 notitiam
1135 2418 1224 2469 tran·

268 2504 317 2570 sit.
363 2503 491 2589 Utique
514 2502 598 2567 hunc
620 2501 778 2580 ordinem,
794 2504 851 2568 etsi
875 2526 934 2589 pro
950 2519 1024 2569 voto
1046 2508 1226 2592 exprimere

269 2627 435 2691 nequeam,
447 2603 478 2666 in
495 2617 594 2668 tantoe
609 2605 654 2667 rei
669 2604 910 2689 investigatione
925 2616 1041 2685 tamen,
1052 2608 1129 2692 quia
1140 2630 1224 2671 com-

269 2707 471 2772 modissimus
486 2718 545 2780 est,
562 2706 683 2791 placuit
698 2706 825 2771 imitari.
872 2708 940 2769 Nec
962 2720 1009 2770 est
1026 2708 1081 2772 ubi
1099 2708 1225 2793 justius

270 2809 308 2874 de
330 2808 464 2873 rationis
487 2806 696 2893 veritatisque
724 2807 902 2872 substantia
927 2821 1103 2894 quaeratur,
1125 2831 1224 2893 quant

271 2910 387 2976 ubivis
403 2910 535 2994 Logicae
546 2909 731 2986 discutitur,
744 2933 819 2996 quae
831 2933 863 2972 se
878 2910 1049 2994 profitetur
1061 2910 1223 2974 scientiam

271 3013 424 3091 veritatis,
447 3024 484 3076 ut
506 3011 616 3075 asserit
642 3013 865 3096 Augustinus:
896 3025 928 3075 et
952 3014 1074 3074 utinam
1097 3012 1224 3096 assequi

270 3114 386 3189 valeat,
409 3113 496 3199 quod
522 3113 694 3199 promittit.
740 3115 875 3178 Constat
896 3125 1002 3176 autem
1026 3112 1103 3197 quia
1124 3115 1227 3198 pluri-

271 3237 356 3280 mum
376 3215 517 3302 prodest,
533 3226 566 3278 et
587 3215 769 3279 inveniendi
791 3214 1056 3297 examinandique
1077 3215 1226 3292 rationes,

270 3315 364 3397 viam,
379 3327 412 3379 et
426 3315 562 3401 copiam,
579 3330 681 3402 parat.

268 3571 351 3658 'Cep
367 3576 419 3636 31.
445 3574 540 3647 Quod
565 3573 746 3654 philologio
773 3577 858 3638 alios
880 3575 964 3637 duas
990 3576 1162 3658 praecedr't:
1193 3583 1226 3639 et

313 3694 385 3757 quo
400 3677 443 3737 sit
457 3676 752 3758 predicamentolis
766 3679 920 3760 inspectio
934 3681 1095 3760 sequendo
1111 3682 1148 3742 in
1163 3679 1228 3742 dis-

313 3778 460 3840 cussione
474 3779 612 3841 rationis
627 3784 658 3840 et
672 3780 827 3842 iteritatis.

316 3925 419 3987 Sicur
443 3937 550 3988 autem
578 3923 659 3988 ratio
686 3925 717 3988 in
741 3927 907 4004 creaturis,
933 3940 980 3991 est
1001 3926 1049 3990 vis
1074 3928 1224 4011 quaedam

273 4022 457 4109 spiritualis,
473 4039 597 4088 naturoe
621 4047 725 4090 rerum
749 4028 969 4105 examinatrix,
986 4041 1018 4091 et
1033 4041 1097 4091 tam
1114 4049 1225 4111 corpo·

274 4125 400 4202 talium,
416 4147 514 4212 quam
535 4125 783 4211 intelligibilium
799 4151 969 4215 assequens
990 4124 1155 4190 notitiam:
1179 4126 1225 4189 ita

274 4225 437 4310 primitiva
462 4226 608 4312 quiedam
640 4228 722 4291 ratio
752 4243 810 4306 est,
835 4252 911 4314 quae
941 4251 999 4293 sua
1025 4227 1146 4290 virtute
1176 4248 1227 4288 res

275 4349 393 4408 ornnes,
415 4340 480 4391 tam
503 4326 694 4412 corporales,
716 4351 813 4412 quam
835 4325 1061 4411 intelligibiles,
1081 4346 1224 4409 compre-

275 4427 397 4506 hendit,
424 4446 457 4493 et
482 4441 640 4507 naturam,
666 4441 698 4492 et
724 4430 787 4493 vim
813 4427 1010 4513 singulorum
1035 4425 1125 4510 plene
1148 4424 1227 4489 lide-
