2992 5592
398 790 467 848 ‘za-2
640 800 777 845 ioannis
794 798 1074 844 sannsnnarnusm
1207 783 1316 874 [secr.
1329 804 1355 847 v.

400 953 589 1040 cupiditate.
621 953 705 1026 Quia
724 973 801 1035 ergo
821 949 944 1036 patiens
960 947 1008 1012 vel
1025 962 1132 1015 castus
1149 952 1227 1016 vitio
1243 969 1358 1019 natura

403 1069 525 1142 peccat,
541 1052 726 1140 poenitendo
738 1066 770 1116 et
782 1050 903 1116 orando
917 1074 991 1115 cum
1010 1052 1112 1117 Paulo
1127 1053 1236 1128 dicat;
1261 1060 1282 1092 “
1293 1055 1359 1121 Jam

402 1179 464 1220 non
480 1179 540 1242 ego
555 1178 669 1242 operor
685 1153 787 1228 illud;
820 1151 874 1217 sed
890 1151 978 1239 quod
995 1151 1027 1216 in
1043 1175 1094 1217 me
1110 1153 1268 1221 habitat.''
1305 1160 1361 1223 Per

402 1257 460 1320 has
481 1257 581 1341 igitur
602 1269 721 1341 septem
745 1255 881 1318 virtutes
903 1252 1091 1330 meritorias,
1107 1269 1229 1341 septem
1252 1261 1361 1323 animae

297 1406 308 1425 .
400 1360 486 1423 vires
508 1357 733 1422 reformantur.
771 1358 833 1420 Per
854 1354 954 1440 ipsas,
968 1369 1001 1420 et
1017 1368 1181 1441 tamquam
1200 1379 1257 1442 per
1271 1361 1362 1445 septi-

401 1460 513 1525 formis
527 1459 641 1545 gratiae
660 1457 782 1543 gradtm
796 1455 996 1521 ascendendo
1020 1458 1273 1545 suspenduntur.
1320 1463 1361 1525 Et

399 1563 448 1628 ita
458 1563 564 1627 anima
573 1558 762 1647 septiformis
770 1559 883 1644 gratioe
895 1557 1101 1644 spirituduoe
1117 1562 1361 1626 Denmricinins

399 1662 647 1751 contemplatur.
681 1664 798 1749 Itaque
810 1675 847 1726 ut
862 1685 883 1727 a
897 1661 991 1726 beato
1003 1660 1164 1746 Gregorio
1174 1663 1360 1750 percipitur,

402 1767 457 1832 Sic
472 1767 577 1831 anima
590 1763 750 1852 gradatim
772 1762 974 1828 ascendendo
992 1763 1203 1838 reformatum
1232 1768 1278 1830 sic
1291 1789 1362 1831 con·

402 1866 587 1955 templando
603 1865 641 1930 ad
659 1864 849 1931 ineffabilem
862 1864 981 1931 divinae
995 1864 1187 1950 cognitionis
1200 1889 1359 1933 secenum

401 1994 505 2058 usque
515 1969 717 2035 conducitur.
751 1969 790 2031 ln
804 1968 908 2054 primo
920 1966 1040 2032 scilicet
1054 1967 1246 2033 humilitatis
1257 1969 1360 2053 gradu

401 2072 533 2160 spiritus
558 2069 679 2136 timoris
695 2069 826 2134 Domini
849 2068 989 2133 animum
1011 2067 1136 2156 premit,
1153 2090 1193 2132 ne
1214 2069 1256 2133 de
1279 2094 1359 2156 prm·

401 2171 602 2237 sumentibus
616 2171 792 2257 superbiat,
807 2169 862 2235 sed
878 2170 971 2235 illum
986 2169 1027 2236 de
1047 2169 1275 2258 sperandorum
1297 2173 1360 2237 fer·

401 2272 482 2338 culis
497 2284 690 2337 aeternorum
705 2272 876 2339 confortat.
920 2275 957 2337 In
974 2271 1123 2349 secundo,
1138 2272 1258 2340 scilicet
1271 2296 1359 2340 man·

398 2373 596 2448 suetudines,
608 2373 711 2457 gradu
729 2373 1002 2461 spiritnspietatis
1017 2375 1132 2439 mentis
1142 2375 1258 2439 intima
1268 2399 1359 2441 occu·

400 2487 468 2562 pat,
479 2488 515 2540 ut
527 2472 627 2561 ipsam
638 2475 791 2559 operibus
802 2476 1029 2542 misericordiae
1041 2477 1172 2563 repleat.
1204 2477 1243 2541 ln
1255 2478 1358 2555 tertio,

397 2577 518 2642 scilicet
528 2574 688 2664 petientiae
698 2577 943 2664 graduspiritus
953 2577 1092 2643 seientite
1101 2576 1358 2664 imngn‘nationem

398 2681 564 2758 reformat,
588 2688 625 2744 ut
646 2693 783 2745 mentem
806 2678 991 2746 consolidet.
1038 2679 1075 2744 ln
1101 2693 1231 2768 quarto,
1255 2682 1288 2748 id
1312 2696 1358 2748 est

400 2782 643 2871 perseverantiae
658 2782 732 2847 boni
747 2781 863 2868 operis,
876 2782 988 2865 gradu,
1000 2783 1134 2870 spiritus
1149 2784 1359 2862 fortitudinis,

401 2885 478 2951 dum
501 2884 724 2952 adversitatem
747 2884 789 2948 ab
804 2885 911 2949 animo
931 2885 1094 2972 propellit,
1109 2886 1208 2952 menti
1228 2910 1269 2952 ex
1289 2892 1358 2975 opi·

398 2992 493 3054 nione
521 2986 691 3053 fluctuanti
723 2985 854 3050 rationis
878 2987 1101 3052 confidentiam
1127 2988 1271 3076 apponit.
1320 2992 1358 3055 In

399 3090 526 3177 quinto,
543 3087 660 3154 scilicet
678 3085 844 3171 largitatis,
860 3087 964 3173 gradu
985 3089 1117 3175 spiritus
1131 3089 1266 3171 consilii,
1280 3091 1357 3157 dum

397 3193 566 3272 rationem,
581 3190 778 3277 praecipitem
792 3210 861 3254 esse
875 3191 1042 3277 prohibet;
1069 3192 1211 3258 animum
1226 3207 1259 3260 et
1274 3217 1358 3260 men-

399 3310 464 3361 tem
481 3294 572 3360 solati
586 3292 786 3358 firmitudine
809 3292 920 3380 replet.
965 3297 1003 3359 ln
1025 3309 1128 3373 sexto,
1143 3293 1177 3360 id
1198 3308 1248 3362 est
1263 3299 1359 3384 parsi-

398 3397 525 3475 moniae,
539 3395 643 3482 gradu
667 3396 800 3483 spiritus
820 3391 1004 3461 intellectus
1023 3397 1140 3463 mentis
1162 3397 1356 3466 intellectum

399 3498 567 3562 reficiendo
583 3512 744 3583 penetrat·
736 3546 745 3576 ‚
768 3512 801 3563 et
816 3497 1010 3584 penetrando
1025 3499 1213 3565 tenebraa'
1185 3524 1258 3586 ejus
1273 3501 1360 3568 illus·

401 3610 476 3661 trat.
523 3597 561 3659 ln
586 3597 731 3681 septimo,
760 3597 877 3663 scilicet
902 3599 1007 3664 cordis
1034 3599 1220 3681 mundicia,
1234 3602 1355 3686 gradu,

397 3697 530 3785 spiritus
545 3698 708 3784 sapientise
724 3701 906 3765 memoriam
921 3699 953 3764 in
970 3700 1062 3766 bonis
1075 3703 1360 3770 commemorandis

399 3799 562 3877 reformat,
576 3812 607 3864 et
629 3800 670 3864 ad
691 3814 820 3868 oeternae
840 3803 986 3868 veritatis
1004 3804 1308 3890 contemplationem
1328 3821 1360 3872 et

399 3901 640 3968 delectationem
655 3904 842 3969 consolidat.
881 3907 934 3970 Sic
948 3906 1049 3991 igitur
1064 3907 1181 3987 anima,
1195 3908 1222 3972 si
1238 3923 1359 3996 septem

400 4005 556 4071 virtutum
582 4002 737 4090 gradibus
763 4006 963 4071 ascendendo
988 4007 1155 4087 innitatur,
1179 4009 1211 4073 in
1238 4024 1359 4098 septem

398 4108 522 4174 viribus
536 4106 600 4174 suis
613 4130 671 4195 per
686 4108 902 4196 septiformem
916 4110 1052 4193 gratiam
1069 4111 1274 4178 reformatur.
