2992 5592
291 792 414 873 eran]
641 811 881 858 unrasourcus.
1175 802 1236 861 1⁵3

288 959 337 1022 sali
351 959 548 1046 syllogisare.
595 965 705 1041 Porro,
720 984 821 1048 quum
837 963 868 1026 in
892 964 977 1028 omni
992 988 1135 1030 sermone
1150 990 1231 1052 prae-

287 1061 373 1147 cipua
393 1063 435 1128 sit
451 1063 558 1127 virtus
579 1061 729 1144 brevitas,
744 1078 813 1129 tum
838 1068 869 1129 in
893 1089 942 1142 eo,
957 1067 1014 1152 qui
1035 1067 1076 1131 ad
1096 1068 1232 1134 alterum

286 1176 337 1242 est,
351 1163 513 1230 efficacius
533 1179 697 1251 operatur,
718 1178 902 1253 acceptatur
920 1172 1055 1254 gratius,
1069 1183 1100 1235 et
1116 1171 1233 1236 clarius

285 1264 433 1331 enitescit:
461 1288 536 1331 nam
558 1267 592 1330 in
614 1266 799 1352 prolixitate
817 1273 958 1335 omnium
982 1272 1084 1357 majus
1106 1271 1232 1359 dispen-

286 1365 378 1433 dium.
437 1367 585 1445 Quodsi
611 1390 673 1432 non
700 1383 805 1457 potest
829 1370 994 1436 accelerari
1020 1375 1231 1459 propositum,

283 1469 418 1535 novitate
430 1492 551 1547 rerum,
564 1493 637 1557 quae
649 1484 753 1536 tamen
765 1487 883 1559 praeter
894 1496 959 1537 rem
976 1497 1037 1538 non
1052 1473 1230 1555 videantur,

283 1572 449 1657 purganda
476 1585 527 1636 est
555 1594 662 1637 mora:
699 1575 864 1660 quoniam,
891 1589 927 1640 ut
954 1576 998 1639 ait
1030 1575 1229 1653 Aristoteles,

282 1673 425 1758 quisquis
440 1695 536 1736 unam
558 1673 731 1738 orationem
753 1674 857 1738 multo
878 1689 1021 1761 tempore
1042 1677 1229 1759 interrogat,

281 1771 357 1836 male
376 1771 531 1860 inquirit:
556 1775 673 1841 namsi
694 1776 906 1863 respondente
927 1775 1122 1859 interrogato
1140 1777 1229 1861 quod

280 1872 503 1959 interrogatur,
527 1875 631 1961 palam
652 1878 802 1963 quoniam
828 1878 945 1942 multas
966 1878 1229 1963 interrogationes

279 1975 462 2063 interrogat,
473 1992 531 2043 aut
542 1979 726 2065 frequenter
737 1980 872 2044 easdem.
896 1984 1003 2054 Quare
1014 1994 1069 2047 aut
1083 1996 1229 2064 venatur,

279 2093 329 2143 ant
353 2101 416 2144 non
440 2080 539 2145 babet
563 2080 802 2166 syllogismum:
834 2105 906 2146 nam
930 2107 969 2147 ex
992 2087 1103 2169 paucis
1124 2086 1228 2150 omnis

279 2178 497 2265 syllogismus:
522 2182 548 2246 si
570 2205 644 2246 vero
664 2207 726 2247 non
750 2185 971 2269 respondente,
990 2191 1141 2272 quoniam
1163 2211 1226 2252 non

277 2281 425 2371 increpat,
449 2285 499 2349 vel
521 2286 649 2351 recedit.
696 2286 864 2372 Contingit
885 2305 991 2353 autem
1013 2290 1226 2376 multiplicare

278 2382 549 2472 interrogationes,
574 2400 610 2450 ut
635 2388 886 2473 reprehensionis
912 2390 1007 2456 detur
1032 2391 1165 2468 occasio,
1192 2406 1225 2458 et

278 2486 609 2575 undecumquejustoe
628 2490 850 2576 increpationis
865 2516 956 2559 ansas
971 2493 1093 2559 eliciat:
1117 2508 1148 2558 et
1165 2495 1225 2559 hoc

278 2587 465 2676 plerumque
491 2590 661 2668 laudabile,
686 2592 846 2657 interdum
873 2617 946 2657 vero
970 2594 1114 2659 defectus
1144 2596 1225 2659 indi-

277 2690 357 2756 cium
373 2706 441 2757 est:
464 2694 606 2779 eoquod
622 2717 683 2757 non
698 2708 745 2759 est
762 2696 960 2782 propositum
975 2710 1108 2775 certum,
1124 2709 1180 2758 aut
1195 2697 1224 2760 ei

277 2792 325 2856 ria
350 2816 414 2858 non
441 2808 531 2881 patet
560 2795 599 2859 ad
631 2819 822 2883 processum,
849 2797 906 2882 qui
936 2796 1060 2860 easdem
1091 2795 1223 2882 replicat

276 2894 404 2975 orbitas,
418 2910 452 2961 et
467 2919 561 2961 auras
580 2897 704 2962 easdem
720 2899 864 2976 circinat,
879 2914 910 2963 et
927 2910 1074 2962 moretur
1090 2898 1223 2982 jugiter,

276 3017 329 3061 nec
348 3011 566 3083 promovetur.
617 2998 829 3064 Heschelinus
851 2999 951 3076 faber,
970 2997 1050 3062 sicut
1072 3000 1222 3082 magister

277 3095 460 3161 Willelmus
480 3096 647 3177 referebat,
667 3097 791 3163 illorum
807 3120 924 3162 morem
946 3097 1150 3183 sequebatur,
1165 3100 1221 3183 qui

275 3196 352 3262 nibil
372 3200 407 3263 in
427 3197 698 3284 disputationibus
718 3214 842 3263 certum
863 3211 1032 3284 appetunt,
1047 3210 1079 3261 et
1095 3200 1139 3262 sic
1154 3221 1220 3264 rem

274 3300 431 3383 fabrilem,
446 3302 527 3367 sicut
549 3302 582 3366 hi
604 3303 780 3388 expediunt
805 3302 1023 3380 Dialecticam,
1043 3303 1220 3371 exercebat.

274 3404 523 3470 Praestolabntur
544 3405 625 3468 enim
643 3428 705 3470 non
724 3406 767 3469 ab
788 3418 867 3484 arte,
882 3404 935 3468 sed
959 3403 1098 3481 fortuna,
1113 3408 1218 3491 operis

273 3504 376 3574 finem.
407 3509 497 3571 Dum
512 3511 593 3572 enim
610 3521 730 3572 coctam
743 3530 876 3572 massam
890 3505 1029 3570 volveret
1044 3508 1076 3572 in
1092 3508 1218 3589 incude,

272 3630 403 3695 eamque
426 3608 577 3673 formaret
600 3609 639 3672 ad
662 3609 763 3674 ictum
785 3609 904 3673 mallei:
936 3610 960 3671 si
983 3608 1066 3674 sorte
1088 3610 1219 3676 interro-

272 3726 400 3795 garetur
424 3711 506 3799 quid
532 3710 632 3788 fieret,
657 3733 717 3775 non
744 3724 866 3776 certum
893 3711 971 3797 quid
997 3712 1218 3798 respondebat,

272 3814 323 3878 sed
343 3813 449 3879 multa
468 3812 664 3899 disjunctim,
679 3826 759 3898 puta
781 3817 932 3893 cultrum,
947 3829 1003 3878 aut
1022 3815 1145 3892 falcem,
1160 3831 1217 3881 aut

271 3936 440 3994 vomerem,
464 3927 521 3978 aut
543 3914 628 3979 aliud
652 3915 691 3978 ad
716 3915 804 4001 quod
827 3916 989 3981 materiam
1012 3940 1103 3982 casus
1126 3916 1218 3982 indu·

271 4031 370 4083 aeret:
403 4037 466 4078 non
498 4014 578 4077 enim
611 4017 697 4101 quod
724 4018 861 4093 volebat,
886 4017 940 4081 sed
967 4018 1054 4104 quod
1080 4031 1216 4103 poterat,

270 4117 518 4203 producebatur.
570 4116 659 4181 Nihil
687 4131 794 4181 autem
824 4119 929 4182 minus
958 4117 1095 4203 peritum
1126 4114 1217 4180 decet

268 4221 433 4298 mificem,
449 4241 546 4304 quam
565 4220 654 4304 sequi
670 4242 788 4298 casum,
804 4242 866 4285 non
887 4219 1054 4282 arbitrium
1071 4213 1215 4279 rationis:

267 4324 399 4408 proinde
430 4323 588 4386 rationum
616 4323 839 4409 undecunque,
865 4323 904 4386 ad
936 4316 1137 4384 statuendum
1166 4317 1215 4380 rel

265 4422 506 4493 destituendum
530 4425 728 4509 positionem,
750 4421 966 4508 conquirenda
987 4432 1034 4485 est
1057 4416 1157 4502 copia,
1181 4432 1215 4483 ut
