2992 5592
129 825 221 870 sscr.
240 805 310 886 ιιι]
428 825 471 870 ns
487 823 619 869 serram
636 823 805 869 sarranis.
1022 807 1085 868 sto

129 976 193 1041 vim
226 998 316 1041 suam
348 975 510 1061 potentius
539 998 648 1040 eorum
671 973 789 1041 exserit
816 974 964 1061 quisque,
995 986 1084 1038 tanto

130 1078 283 1165 majorem
307 1078 371 1142 vim
403 1076 527 1162 igneam
558 1078 643 1143 intra
664 1101 697 1142 se
719 1079 874 1164 probatur
902 1076 1082 1141 continere:

130 1177 170 1244 de
184 1179 290 1266 prima
303 1178 423 1243 cerebri
439 1191 531 1265 parte
546 1181 592 1243 vis
607 1178 751 1243 animalis
761 1178 846 1263 ignis
860 1180 893 1242 in
909 1176 1084 1242 ministerio

129 1302 186 1368 per
201 1302 312 1344 sensus
327 1278 467 1343 diversos
482 1277 693 1352 diffunditur;
718 1278 759 1343 ad
775 1277 882 1344 oculos
897 1299 953 1364 per
968 1276 1083 1352 visum,

129 1383 170 1448 ad
192 1405 287 1447 aures
309 1402 366 1468 per
388 1380 545 1456 auditum,
559 1380 600 1444 ad
623 1404 715 1445 nares
729 1404 787 1466 per
807 1379 971 1455 olfactum,
994 1378 1036 1442 ad
1050 1400 1086 1443 os

131 1505 188 1572 per
201 1496 346 1569 gustum,
361 1483 404 1548 ad
417 1504 511 1545 omne
531 1504 647 1567 corpus
663 1505 719 1568 per
739 1496 860 1548 tactum
877 1480 1083 1546 ministratur.

133 1582 201 1660 Qui
216 1582 346 1669 quidem
368 1603 478 1646 sensus
492 1604 547 1646 seu
569 1583 715 1646 senestrae
739 1605 805 1670 quo
828 1581 956 1646 cerebro
979 1580 1086 1645 ricini-

130 1707 213 1763 ores,
226 1685 452 1769 eoprobantur
466 1682 681 1769 potentiores:
705 1681 789 1745 oculi
805 1704 904 1768 prope
918 1682 1082 1749 cerebrum

131 1786 250 1867 faciles,
264 1799 411 1874 potentes
425 1784 465 1848 ad
489 1782 785 1870 contemplandum,
808 1785 840 1848 in
857 1784 936 1860 ictu,
953 1784 996 1848 sic
1012 1806 1085 1847 aera

131 1884 510 1974 spatiosumtrausvolant
520 1898 556 1950 ut
566 1884 606 1949 ad
617 1885 687 1952 coeli
700 1885 783 1951 celsa
795 1886 844 1951 aui
855 1890 942 1951 visus
951 1908 1083 1950 acumen

131 2012 189 2076 per
202 1988 358 2055 fenestras
373 1986 599 2053 transmittant.
646 1989 752 2051 Aures
767 2010 786 2050 a
800 1988 914 2052 cerebo
927 1986 1028 2052 oculis
1039 2008 1086 2050 re-

132 2089 281 2157 motiores
311 2087 418 2154 minus
448 2086 517 2150 visu
550 2089 614 2151 vim
645 2109 734 2151 suam
765 2087 963 2153 extendunt:
995 2109 1085 2151 nares

132 2189 294 2277 praedictis
316 2188 431 2268 minus,
447 2187 501 2253 sed
526 2186 596 2252 aliis
611 2186 738 2274 longius
753 2212 880 2256 sensum
905 2212 998 2255 suum
1013 2212 1086 2276 por·

133 2293 261 2377 rigunt:
285 2307 401 2380 {pastus
416 2301 506 2357 extra
521 2314 557 2355 os
571 2314 736 2378 nunquam
754 2292 977 2379 progreditur3
1002 2291 1086 2359 intra

133 2409 236 2462 tamen
259 2395 371 2482 majori
394 2417 489 2481 quam
514 2407 618 2458 tactus
648 2394 825 2461 subtilitate
854 2395 967 2473 fertur,
992 2394 1084 2470 levia,

132 2519 256 2585 aspera,
276 2495 390 2573 calida,
410 2495 539 2582 frigida,
563 2500 655 2573 sicca,
680 2496 824 2574 humida,
848 2496 940 2572 dura,
968 2497 1085 2572 mollia,

132 2600 215 2665 sicut
239 2611 343 2664 tactus
357 2598 520 2675 discernit,
543 2599 596 2663 sed
614 2598 645 2660 in
662 2599 829 2684 saporibus
850 2598 927 2663 alios
948 2598 1085 2666 excedit.

132 2704 253 2767 Tactus
267 2724 342 2765 vero
361 2699 482 2765 cacteris
497 2699 672 2764 abstrusior
691 2699 735 2762 nil
757 2700 816 2763 nisi
839 2699 999 2787 palpando
1014 2723 1086 2786 pcr-

133 2804 223 2892 cipit,
250 2816 280 2868 et
305 2800 378 2867 ideo
404 2801 557 2888 physicus
583 2824 645 2865 non
672 2800 786 2866 animas
817 2801 999 2879 fenestram,
1030 2802 1085 2867 aed

132 2906 282 2970 nuncium
289 2903 505 2969 coecumdicit.
519 2903 1087 2990 interhasseptemanimaefenestras,

134 3007 323 3096 principales
345 3007 504 3085 fenestrae,
525 3006 620 3085 oculi,
641 3030 687 3085 os,
701 3020 734 3071 et
756 3029 849 3071 aures
869 3006 1032 3085 dicuntur,
1050 3021 1086 3072 ut

133 3111 165 3175 in
180 3110 264 3175 libro
279 3110 363 3175 beati
382 3109 500 3175 Hilarii
516 3109 652 3195 legitur:
679 3109 772 3174 Sicut
788 3111 913 3174 animus
935 3110 967 3174 in
988 3109 1088 3197 scrip-

134 3226 207 3277 tura
228 3235 286 3300 per
309 3215 413 3276 visum
435 3212 475 3276 ad
499 3211 617 3289 literas,
640 3233 697 3297 per
719 3210 827 3276 literas
855 3210 896 3275 ad
925 3212 1032 3293 verba,
1054 3223 1087 3277 et

134 3314 263 3381 indeed
287 3313 483 3378 intellectum
507 3314 664 3400 pervenit,
679 3311 723 3377 sic
746 3313 778 3376 in
795 3335 937 3377 sermone
957 3336 1014 3401 per
1029 3337 1084 3378 au-

132 3416 234 3483 ditum
249 3418 291 3481 ad
304 3417 409 3491 verba,
421 3415 496 3480 inde
511 3415 551 3480 ad
563 3415 771 3492 intellectum,
788 3437 948 3501 perquem
961 3416 1086 3481 animus

134 3541 240 3585 rerum
259 3518 440 3606 qualitates,
460 3518 492 3583 id
511 3533 559 3583 est
581 3533 710 3583 naturas
724 3516 873 3604 concipit.
920 3519 1086 3608 sicigitur

134 3636 257 3688 naturas
277 3619 469 3697 intellectus,
484 3619 659 3684 intellectui
678 3641 781 3684 sermo
801 3623 990 3704 succumbit,
1012 3624 1088 3712 quia

135 3745 191 3789 nec
205 3746 271 3788 rem
287 3722 479 3802 intellectus,
494 3745 551 3788 nec
567 3721 763 3787 intellectum
785 3746 887 3788 sermo
908 3726 1001 3812 plene
1016 3749 1086 3813 per·

133 3823 230 3913 cipit;
254 3825 360 3890 minus
375 3824 458 3889 enim
476 3824 563 3911 loqui
580 3848 749 3912 possumus
761 3847 855 3912 quam
868 3828 1087 3911 intelligimus,

135 3926 240 3990 minus
250 3923 459 4011 intelligimus
474 3946 569 4011 quam
582 3947 631 3988 res
648 3946 681 3988 se
697 3925 813 3990 habeat
829 3948 888 4013 pro
902 3929 972 4015 ejus
986 3931 1089 4014 quali-

134 4026 270 4092 tatibus:
293 4040 325 4091 ct
341 4026 517 4091 notandum
535 4027 613 4111 quia
627 4050 681 4090 ore
693 4040 725 4091 et
741 4045 845 4095 mente
861 4029 1006 4114 legimus,
1020 4053 1087 4116 quo

133 4129 353 4215 cognoscimus
378 4129 463 4215 quod
493 4133 582 4195 Deus
605 4129 772 4195 nobiscum
792 4132 952 4217 loquitur:
976 4154 1030 4196 ore
1055 4149 1088 4199 et

133 4244 237 4295 mente
251 4254 391 4308 oramus,
407 4255 473 4317 qua
484 4231 645 4297 credimus
656 4234 732 4318 quia
749 4233 821 4298 Deo
836 4234 1084 4299 reconciliamur.

133 4332 196 4397 Hac
210 4356 288 4419 ergo
302 4334 451 4398 fenestrae
466 4332 491 4397 si
501 4332 631 4399 diabolo
645 4335 848 4410 claudantur,
864 4336 889 4399 si
907 4338 977 4401 Deo
985 4339 1088 4422 aperi·

134 4447 240 4511 antur,
256 4434 362 4499 anima
376 4435 408 4498 in
425 4436 627 4520 praescriptas
644 4435 711 4498 vias
733 4436 892 4521 sapienter
912 4439 1087 4524 egreditur,
