2992 5592
378 797 441 857 242
642 808 778 853 roaaxrs
794 807 1071 852 sarasaumexsrs

380 963 449 1025 Hos
464 960 535 1024 libri
551 960 743 1047 impediunt,
760 960 830 1023 illos
846 958 1037 1023 documenta
1052 960 1211 1045 priorum,

461 1062 714 1148 Successumque
730 1075 838 1126 vetant
855 1084 988 1146 magnus
1004 1061 1121 1126 habere
1137 1064 1240 1128 labor.

376 1165 530 1251 Disputat
545 1165 670 1248 ignare,
684 1162 741 1248 qui
758 1163 875 1247 scripta
891 1160 1025 1226 revolvit
1041 1176 1072 1227 et
1089 1178 1190 1237 artes;

463 1270 546 1331 Nam
564 1279 705 1329 veterum
722 1266 829 1328 fautor
846 1263 966 1348 logicus
982 1287 1049 1327 esse
1065 1265 1189 1351 nequit.

375 1370 634 1455 Disceptaturus‚
650 1366 706 1453 qui
722 1366 872 1449 dogmata
888 1367 992 1450 prisca
1008 1381 1175 1451 sequetur,
1290 1371 1333 1436 95

464 1474 503 1534 ln
520 1469 778 1535 Patriarcharum
795 1467 898 1530 bubus
913 1467 1080 1532 habendus
1095 1469 1166 1536 erit.

377 1571 459 1635 Nam
477 1593 542 1655 quo
557 1568 650 1656 plura
665 1566 761 1651 leges,
778 1580 897 1629 restant
914 1565 972 1630 tibi
988 1565 1081 1651 plura
1098 1566 1244 1652 legenda,

462 1675 506 1737 Et
522 1694 587 1757 quo
604 1669 696 1756 plura
711 1669 836 1744 docent,
853 1667 946 1753 plura
961 1668 1105 1733 docenda
1119 1670 1245 1735 docent.

374 1778 482 1841 Pauca
497 1775 593 1857 legas,
611 1787 646 1837 ut
664 1771 765 1836 multa
780 1770 868 1846 scias,
886 1771 944 1835 tibi
962 1774 1120 1836 maximus
1134 1787 1247 1838 auctor

464 1874 607 1955 Quilibet
621 1887 778 1951 occurrat,
795 1875 838 1938 sic
855 1874 895 1938 sit
912 1873 942 1936 in
959 1897 1012 1937 ore
1028 1888 1097 1951 tuo,
1270 1880 1331 1941 100

376 1979 423 2042 Ut
439 1977 595 2063 quicquid
612 1978 710 2052 dices,
726 1989 838 2040 auctor
853 1974 971 2039 dixisse
986 1988 1130 2061 putetur,

462 2084 506 2144 Et
522 2103 610 2144 mens
626 2079 711 2144 illius
727 2078 858 2166 spiritus
873 2102 941 2143 esse
956 2091 1039 2142 tuus.

375 2182 446 2246 Non
465 2183 559 2246 modo
574 2181 724 2257 credaris,
741 2181 827 2267 quod
843 2181 980 2268 scripsit,
996 2203 1094 2261 nosse,
1110 2183 1166 2246 sed
1181 2205 1288 2266 omne,

460 2281 553 2362 Quod
570 2281 684 2356 voluit,
695 2283 799 2367 jactes
814 2282 970 2368 dogmatis
984 2305 1049 2347 ease
1065 2283 1129 2355 tui;

372 2385 466 2463 Quod
483 2385 621 2470 scripsit,
637 2406 691 2446 scu
709 2384 797 2470 quod
815 2385 927 2461 tacuit,
943 2395 974 2447 te
989 2407 1080 2471 posse
1093 2385 1207 2450 docere
1266 2395 1327 2452 loo

459 2485 646 2560 Promittas3
670 2484 787 2550 salsum
804 2485 909 2549 dicere
924 2507 1018 2550 nemo
1032 2500 1128 2552 vetat.

372 2589 454 2653 Nam
471 2597 662 2675 quaeruotur
674 2610 751 2674 opes
765 2602 796 2653 et
810 2603 933 2654 constat
949 2588 1051 2674 gloria
1065 2591 1157 2666 falso,

460 2690 689 2777 veridicosque
704 2687 780 2753 facit
797 2690 900 2756 dicere
915 2713 1015 2777 pauca
1029 2692 1166 2778 pudor.’'

371 2797 453 2859 Haec
469 2793 525 2858 ubi
540 2796 697 2878 persuasit
713 2791 782 2856 aliis
797 2815 884 2856 error
899 2794 1045 2878 puerilis:

457 2898 505 2960 Ut
516 2896 645 2982 juvenis
661 2895 762 2959 discat
779 2893 930 2980 plurima,
946 2918 1048 2982 pauca
1061 2895 1157 2982 legat,
1267 2909 1326 2966 110

371 2998 499 3062 Laudat
517 2997 721 3062 Aristotelem
739 2999 854 3072 solum,
870 2999 992 3082 spernit
1008 2998 1201 3077 Ciceronem,

457 3102 500 3164 Et
517 3099 671 3186 quicquid
690 3098 793 3163 Latiis
810 3098 937 3164 Graecia
952 3112 1044 3186 capta
1060 3100 1160 3180 dedit,

368 3203 527 3289 Conspuit
543 3202 574 3265 in
591 3202 686 3286 leges,
702 3200 823 3266 vilescit
839 3202 982 3288 physica,
998 3205 1122 3290 qumvis

455 3304 559 3368 Litera
575 3303 738 3380 sordescit,
755 3302 854 3388 logica
869 3303 934 3367 sola
949 3305 1064 3391 placet.

366 3407 439 3470 Non
456 3422 562 3470 tamen
578 3406 638 3470 ista
653 3406 768 3489 placet,
784 3418 820 3470 ut
836 3428 904 3469 eam
921 3407 994 3492 quis
1009 3408 1088 3495 scire
1102 3410 1236 3488 laboret,
1259 3419 1319 3478 llo

453 3507 484 3569 Si
501 3511 576 3594 quis
590 3507 740 3571 credatur
755 3505 888 3592 logicus,
905 3507 966 3572 hoc
980 3509 1128 3577 satiaret.

366 3609 509 3671 Insanire
525 3625 619 3694 putes
634 3611 742 3695 potius
758 3633 854 3696 quam
871 3610 1099 3697 philosophari,

453 3709 540 3772 Seria
555 3725 630 3775 sunt
646 3713 762 3775 etenim
778 3725 894 3777 cuncta
909 3714 1042 3778 molesta
1057 3716 1160 3793 nimis,

364 3813 561 3878 Dulcescunt
577 3836 684 3899 nugae,
701 3815 828 3880 vultum
845 3815 997 3903 sapientis
1011 3818 1194 3897 abhorrent,

448 3916 611 3978 Tormenti
628 3938 730 4001 genus
746 3934 794 3983 est
809 3941 892 4004 soepe
907 3918 1016 3983 videre
1032 3920 1160 3986 librum.
1257 3928 1317 3987 120

701 4021 754 4084 De
769 4022 980 4086 Sertoriano.

362 4119 532 4185 Ablactaos
549 4119 680 4183 nimium
696 4134 821 4185 teneros
837 4123 998 4187 Sertorius
1011 4123 1085 4187 olim

447 4221 630 4307 Discipulos
644 4221 747 4285 fertur
763 4222 807 4284 sic
822 4221 968 4286 docuisse
984 4247 1075 4299 suos;

359 4323 481 4388 Doctor
495 4324 577 4387 enim
589 4323 745 4408 juvenum
763 4329 870 4407 pretio
884 4325 1069 4411 compulsus
1082 4339 1114 4392 et
1128 4348 1190 4391 aere

445 4428 508 4490 I'ro
524 4446 639 4508 magno
653 4422 763 4486 docuit
779 4446 910 4490 munere
925 4427 1004 4490 scire
1019 4427 1108 4493 nihil.
