2992 5592
266 780 330 855 202
527 791 663 835 maurus
679 789 954 836 sanessamunsrs
1076 778 1161 857 [arn.
1177 791 1216 835 1v.

266 943 371 1009 omnia
386 947 607 1018 necessarium,
619 955 651 1006 et
667 965 700 1005 se
715 964 753 1005 ex
769 950 995 1007 ereaturarum
1010 944 1219 1030 intelligentia

266 1046 455 1112 manifestat.
490 1044 544 1109 Ait
560 1059 687 1109 sanctus
704 1044 867 1108 Salomon:
884 1047 1046 1128 Proposui
1060 1050 1097 1110 in
1112 1054 1219 1114 anino

266 1171 333 1214 meo
355 1169 502 1232 quaerere
525 1156 556 1212 et
581 1150 777 1229 investigare
805 1150 978 1230 supienter,
1009 1152 1048 1214 de
1076 1155 1220 1216 omnibus

264 1254 444 1338 quoefiunt
465 1253 525 1314 aab
547 1252 631 1316 Sole.
678 1253 773 1314 Hanc
789 1250 1028 1334 occupationem
1052 1254 1217 1336 pessimam

265 1353 354 1416 dedit
385 1355 475 1417 Deus
503 1350 578 1415 filiis
607 1350 782 1414 hominum.
828 1352 954 1415 Versati
986 1362 1061 1415 sunt
1090 1354 1123 1416 in
1151 1354 1217 1432 hac,

265 1450 448 1539 philosophi
462 1450 618 1537 gentium,
635 1450 703 1537 qui,
720 1455 820 1536 juxta
834 1451 1036 1536 Apostolum,
1053 1455 1215 1519 veritatem

266 1555 328 1620 Dei
344 1555 377 1618 in
392 1553 556 1619 mendacio
568 1565 750 1629 tenuerunt,
762 1565 793 1617 et
809 1553 923 1617 merito
934 1577 1004 1632 suo,
1019 1570 1216 1621 evanuerunt

266 1659 299 1722 in
326 1656 570 1743 cogitationibus
597 1658 672 1719 suis.
718 1657 788 1718 Pro
815 1678 852 1718 eo
876 1656 958 1718 enim
987 1657 1073 1741 quod
1100 1657 1217 1741 gratias

265 1761 422 1824 bonorum
452 1782 515 1822 non
544 1758 723 1823 retulerunt
755 1760 890 1837 auctori,
918 1760 1057 1824 dieentes
1092 1783 1126 1823 ae
1154 1782 1217 1823 ease

266 1866 437 1946 sopientes,
461 1864 554 1925 stulti
568 1866 658 1946 facti
679 1872 766 1925 aunt.
817 1863 881 1925 Est
902 1874 1009 1924 autem
1032 1865 1217 1936 curiositas,

267 1963 430 2028 inutilium
461 1962 625 2048 superflua
660 1961 896 2048 inquisitio„in
933 1984 996 2048 qua
1030 1985 1090 2025 non
1122 1965 1217 2027 modo

267 2066 481 2152 Peripatetici,
508 2065 562 2128 sed
587 2066 652 2130 t‘ere
683 2079 770 2131 totus
799 2083 969 2152 occupatus
993 2079 1040 2129 est
1065 2066 1215 2131 mundus.

187 2154 193 2165 ¹
267 2167 362 2245 Quod
379 2169 492 2232 vitium
510 2172 656 2233 Lucanus
678 2181 805 2245 notans,
821 2167 899 2232 dum
918 2167 1081 2232 aestuantis
1097 2169 1213 2231 Oceani

267 2270 401 2334 incertas
426 2293 537 2334 causas
567 2283 738 2355 promeret,
762 2271 902 2334 curiosos
927 2269 968 2334 ad
992 2269 1216 2334 certitudinem

268 2371 480 2439 inscrutabilis
504 2372 615 2436 secreti
639 2372 766 2437 invitat.
822 2376 973 2449 Quaerite,
1000 2373 1117 2460 inquit,
1141 2395 1218 2455 quoa

266 2480 372 2558 agitat
386 2476 503 2538 mundi
517 2475 615 2538 labor.
662 2478 751 2540 Dum
771 2491 876 2540 autem
897 2497 986 2540 meres
999 2481 1089 2540 eirca
1106 2481 1218 2552 multo,

266 2589 298 2642 et
314 2599 375 2640 non
391 2576 527 2642 multum
544 2576 585 2641 ad
607 2601 639 2641 se
659 2578 862 2664 pertinentia,
878 2577 1016 2662 amplius
1033 2592 1217 2664 occupatur,

267 2693 423 2765 evagatur
445 2678 570 2765 longius
584 2704 604 2745 a
618 2703 662 2757 se,
678 2694 710 2744 et
728 2679 919 2767 plerumque
937 2679 1137 2744 obliviscitur
1158 2680 1217 2753 sui,

268 2804 334 2869 quo
353 2781 482 2869 quidem
506 2782 615 2847 nullus
638 2804 726 2845 error
747 2780 951 2867 perniciosior
973 2793 1031 2845 est.
1078 2781 1160 2843 Nam
1186 2802 1217 2843 se

267 2905 369 2963 nosse,
398 2883 479 2948 sicut
509 2883 554 2947 ait
582 2882 712 2969 Apollo,
737 2883 804 2946 fere
827 2904 952 2945 summa
977 2882 1132 2968 sapientia
1161 2894 1217 2944 est.

268 2985 354 3060 Quid
380 2999 488 3050 autem
514 2984 642 3072 prodest
669 2984 789 3049 homini
816 2984 980 3061 coelorum,
1005 2999 1060 3050 aut
1087 2984 1219 3047 elemen-

270 3100 376 3152 torum
402 3111 493 3152 nosse
515 3101 674 3163 naturam,
696 3086 924 3170 magnitudinis
945 3098 978 3150 et
1002 3085 1220 3151 multitudinis

268 3192 490 3278 proportiones
512 3187 734 3256 doctrinaliter
762 3208 915 3273 quaerere,
945 3187 1103 3253 virtutum
1130 3188 1219 3251 vitio·

267 3315 404 3377 rumque
420 3292 574 3379 speculari
592 3291 788 3365 conflictum,
803 3289 1037 3374 complexiones
1056 3289 1220 3355 attendere

267 3394 437 3469 rationum,
463 3410 495 3458 et
519 3394 560 3459 de
585 3394 732 3460 omnibus
754 3392 959 3479 probabiliter
984 3391 1162 3478 disputare,
1187 3405 1218 3454 et

268 3494 315 3558 sui
332 3487 432 3579 ipsius
446 3519 514 3559 esse
528 3497 701 3581 ignarum?
742 3497 855 3559 Nonne
874 3493 990 3558 stultus
1006 3495 1221 3580 reputabitur,

269 3595 324 3681 qui
340 3594 441 3659 aliena
463 3597 578 3663 lustrat
600 3598 749 3684 hospitia,
764 3611 796 3662 et
818 3621 883 3684 quo
904 3596 964 3661 sibi
979 3600 1011 3660 iu
1036 3597 1219 3660 necessitate

269 3697 491 3762 divertendum
508 3699 561 3776 sit,
576 3699 799 3764 obliviscitur?
832 3698 936 3764 Nimis
951 3698 1063 3783 utique
1078 3699 1221 3762 curiosus

266 3811 325 3875 est,
341 3810 373 3862 et
396 3798 445 3861 sui
469 3799 642 3884 negligens,
669 3802 724 3886 qui
748 3801 851 3864 aliena
873 3800 1017 3875 miratur,
1034 3813 1065 3864 et
1088 3799 1219 3886 propria

268 3922 330 3964 non
345 3900 492 3965 attendit.
537 3901 600 3979 Qui
617 3924 691 3964 vero
713 3901 755 3965 ad
778 3924 872 3966 usum
894 3901 968 3966 ritae
987 3900 1144 3967 convertit
1167 3922 1221 3964 ex-

267 4002 415 4082 trinseca,
435 4017 470 4067 ut
492 4026 600 4067 eorum
624 4019 776 4089 agnoscat
799 4019 830 4068 ct
854 4020 1023 4068 veneretur
1048 4017 1220 4079 auctorem,

269 4128 362 4171 suum
383 4108 534 4171 metiatur
554 4105 786 4192 imperfectum,
808 4106 863 4191 qui
881 4107 935 4169 vix
954 4128 1055 4190 panca
1074 4127 1219 4190 compre·

267 4207 404 4272 bendere
427 4221 543 4294 potest,
566 4221 598 4271 et
621 4208 717 4273 rebus
733 4207 932 4280 transitoriis,
949 4229 1021 4270 curn
1046 4206 1165 4291 quibus
1187 4218 1219 4268 et

267 4312 334 4393 ipse
356 4311 481 4386 transit,
505 4333 566 4373 non
590 4310 648 4374 nisi
672 4308 826 4396 praecario
847 4307 959 4386 utitur,
978 4321 1010 4370 et
1033 4309 1073 4370 ad
1098 4310 1220 4371 boram.

268 4412 331 4485 Qui
351 4411 619 4496 concupiscentias
638 4410 776 4488 cohibet,
798 4408 953 4493 reprimit,
969 4424 1025 4473 aut
1049 4408 1222 4492 extinguit,
