2992 5592
396 808 460 866 ato
660 819 1093 866 rosunrssuuusnunrsssrs

401 992 484 1055 gere,
498 981 578 1035 etse
593 973 635 1036 ab
651 973 758 1036 officio
774 972 941 1056 suspendit
954 975 1073 1051 altaris,
1088 974 1194 1039 donec
1210 999 1268 1060 per
1283 1000 1350 1042 con·

398 1073 568 1139 sessionem
593 1085 626 1137 et
647 1074 763 1156 dignos
789 1075 988 1158 poenitentiae
1014 1075 1138 1140 fructus
1165 1100 1185 1141 a
1207 1080 1349 1145 Romano

398 1170 550 1256 pontifice
565 1176 730 1238 absolutus
744 1175 859 1236 meruit
872 1175 1018 1238 relaxari.

441 1275 540 1338 Porro
564 1298 625 1339 uec
648 1276 694 1339 sic
716 1276 801 1356 regis
822 1275 944 1359 quievit
964 1275 1159 1357 indignatio,
1183 1281 1241 1343 sed
1263 1284 1350 1345 minis

398 1387 430 1440 et
458 1379 629 1441 terroribus
663 1377 850 1460 ampliorem
885 1377 1063 1440 intentabat
1098 1381 1265 1459 saeritiam,
1293 1384 1351 1446 nisi

398 1478 658 1557 consuetudines,
672 1500 751 1562 quas
766 1487 877 1541 contra
893 1479 1064 1541 ecclesiam
1084 1482 1247 1545 nitebatur
1262 1485 1349 1547 indu-

396 1600 480 1654 cere,
493 1580 805 1664 archiepiscoporum
818 1590 850 1641 et
860 1578 1084 1662 episcoporum
1099 1584 1288 1647 auctoritate
1301 1585 1348 1647 lir-

398 1693 558 1746 marentur
571 1693 604 1745 ot
617 1682 755 1765 scriptis.
794 1680 895 1764 Cujus
910 1681 1081 1744 conatibus
1097 1684 1176 1765 quia
1190 1686 1349 1748 confessor

398 1781 529 1860 Christi,
550 1783 674 1847 futurus
695 1792 821 1864 martyr,
836 1802 870 1844 se
892 1802 1056 1864 opponere
1077 1803 1176 1847 ausus
1198 1797 1258 1863 est,
1273 1788 1349 1850 mul·

397 1884 438 1947 tis
459 1884 586 1949 iuterim
608 1886 771 1968 appetitus
797 1882 933 1958 damnis,
957 1885 1163 1948 contumeliis
1185 1887 1350 1951 lacessitus

395 1995 429 2048 et
447 1987 581 2050 affectus
597 1984 730 2069 injuriis,
746 1983 877 2047 tandem
897 1981 1189 2067 Northamptonam
1204 1988 1278 2070 jure
1292 1989 1349 2051 ini·

398 2107 463 2169 quo
483 2098 615 2164 tractus,
629 2108 663 2149 se
676 2087 755 2149 licet
774 2107 830 2169 per
844 2085 988 2168 iniquam
1007 2087 1201 2150 seutentiam
1223 2089 1257 2150 in
1273 2110 1348 2171 qua·

387 2173 471 2252 ‘dam
494 2211 593 2252 causa
614 2188 799 2272 pecuniaria
821 2187 896 2249 satis
918 2187 1078 2269 patienter
1100 2189 1253 2252 sustinuit
1274 2211 1348 2253 con·

394 2283 548 2361 damnari,
583 2296 616 2348 et
650 2286 719 2366 regi
745 2283 926 2367 judicatum
961 2285 1043 2347 solvi
1081 2288 1347 2354 sufficientissime

394 2386 488 2449 cavit.
534 2386 616 2449 lude
631 2386 665 2448 in
680 2407 766 2462 eum,
780 2408 846 2448 non
861 2385 903 2449 ad
919 2387 980 2450 hoc
997 2387 1109 2469 utique
1130 2391 1275 2469 citatum,
1289 2394 1346 2455 suh

392 2496 551 2570 praetextu
580 2487 620 2551 de
649 2487 829 2550 commissis
856 2489 919 2550 sibi
947 2499 1090 2572 tempore
1120 2490 1345 2558 administrate

394 2590 595 2654 cancellariae
616 2588 754 2670 negotiis
775 2586 949 2652 reddendae
973 2589 1107 2653 rationis
1129 2592 1209 2657 alias
1231 2597 1346 2658 calum·

393 2691 464 2753 nias
486 2691 689 2765 intorserunt,
703 2690 823 2773 quibus
843 2701 953 2753 contre
966 2690 1024 2774 jus
1039 2702 1072 2755 et
1086 2692 1135 2756 fas
1150 2694 1234 2758 adeo
1253 2717 1345 2760 vexa·

393 2805 445 2856 tus
474 2802 534 2871 est,
560 2805 594 2857 ut
622 2814 695 2856 eum
725 2791 899 2874 oportuerit
923 2791 1073 2855 adversus
1098 2795 1283 2879 episcopos,
1306 2819 1346 2861 ne

393 2915 467 2958 eum
489 2895 608 2979 injusto
623 2894 747 2980 judicio
770 2891 1028 2971 condemnarent,
1045 2905 1082 2957 ut
1101 2895 1149 2959 sic
1169 2897 1237 2977 regi
1256 2898 1346 2962 blan.

392 2994 545 3074 direntur‚
564 2997 673 3060 sedem
696 2995 905 3079 apostolicam
927 2996 1100 3078 appellare,
1116 3012 1149 3061 et
1170 2999 1211 3061 ab
1230 2997 1276 3061 eis
1294 3000 1345 3062 iti-

392 3095 468 3160 dem
484 3099 524 3161 sit
538 3097 580 3159 ad
595 3094 716 3159 domiui
732 3117 826 3180 papae
841 3093 1036 3158 audientiam
1052 3099 1245 3180 appellatus.

435 3198 588 3261 Proceres
609 3208 725 3274 tamen,
739 3196 817 3259 licet
831 3194 982 3258 adversus
1002 3215 1056 3258 eos
1075 3199 1270 3278 processerit
1290 3222 1345 3284 ap-

389 3301 531 3384 pellatio,
553 3311 585 3364 et
606 3301 666 3362 sub
689 3299 887 3363 anathemate
907 3296 1060 3381 prohibiti
1081 3299 1203 3363 sintin
1225 3313 1344 3386 patrem

391 3413 425 3467 ot
443 3400 587 3486 judicem
614 3422 707 3464 suum
733 3401 813 3463 ferre
842 3398 1044 3472 sententiam,
1066 3397 1279 3467 nihilominus
1299 3417 1345 3468 ta-

391 3524 464 3567 men
485 3505 520 3566 in
540 3524 624 3579 eum,
638 3523 698 3566 nec
715 3502 896 3565 consessum
910 3520 971 3562 nec
993 3502 1188 3578 convictum,
1203 3505 1262 3569 sod
1282 3507 1344 3589 pri·

388 3604 541 3685 vilegium
562 3602 709 3668 ecclesiae
731 3612 764 3666 et
778 3623 872 3665 suum
891 3600 1049 3664 duntaxat
1069 3615 1298 3685 protestantem
1312 3620 1343 3671 et

388 3701 590 3765 invocantem
606 3702 730 3784 publici
743 3701 826 3785 juris
843 3700 1010 3775 auxilium,
1026 3718 1287 3785 praesumserunt,
1301 3707 1343 3771 ad

388 3803 551 3865 cumulum
574 3800 789 3864 damnationis
810 3823 886 3879 sure,
900 3821 966 3864 non
989 3810 1052 3863 tam
1075 3801 1197 3867 dictare
1219 3817 1342 3870 senteu-

387 3904 474 3983 tiam,
489 3925 585 3987 quam
600 3902 751 3983 concepti
765 3903 879 3965 furoris
893 3903 1050 3966 insaniam
1065 3923 1201 3968 vomere.
1240 3907 1341 3980 Quam

386 4028 485 4090 quum
503 4007 537 4069 in
558 4003 723 4089 publicum
745 4003 883 4086 prolerre
906 4005 1034 4080 vellent,
1049 4003 1098 4065 vir
1119 4014 1250 4070 sanctus
1272 4029 1342 4072 cru-

387 4129 458 4172 cem
486 4108 616 4180 Christi,
643 4128 739 4190 quam
762 4106 1012 4170 manutenebat
1040 4113 1074 4168 et
1099 4126 1197 4188 qutun
1220 4107 1344 4194 jugiter

385 4210 629 4273 circumferebat
648 4210 681 4271 in
698 4208 793 4273 corde
815 4217 848 4271 et
865 4229 997 4291 corpore
1020 4227 1090 4286 suo,
1108 4209 1143 4271 in
1165 4209 1266 4273 altum
1281 4211 1341 4274 eri·

384 4331 473 4390 gens,
490 4312 648 4374 alunesta
667 4308 816 4375 discessit
837 4310 934 4388 curia,
949 4309 1221 4374 succlamantibus
1235 4312 1341 4396 impiis

383 4430 458 4472 eum
487 4409 678 4494 capiendum
705 4422 741 4473 ut
769 4408 975 4493 proditorem,
1000 4419 1032 4471 et
1060 4410 1174 4473 merito
1205 4432 1339 4496 suspeu-
