2992 5592
566 836 643 880 vrri
661 834 777 879 suncrr
794 834 952 883 ansatur.
1155 824 1220 883 347

269 982 337 1048 Ubi
353 983 394 1047 ab
410 1006 450 1047 eo
466 983 514 1049 vir
530 982 655 1068 Anglus
676 983 794 1048 nobilis
809 995 843 1048 et
864 984 964 1062 dives,
979 986 1067 1069 gravi
1083 987 1224 1072 corporis

266 1084 452 1150 infirmitate
473 1108 651 1171 percussus,
667 1097 779 1170 petens
794 1085 836 1150 ab
851 1109 890 1150 eo
904 1108 961 1172 per
977 1087 1109 1152 nuncios
1125 1088 1225 1152 bene·

268 1189 391 1253 dietum
415 1200 448 1253 et
469 1189 630 1275 accipiens
656 1210 786 1274 panem,
809 1190 985 1253 secundum
1011 1191 1108 1255 fidem
1131 1210 1223 1255 suam

268 1302 394 1355 curatus
410 1302 472 1356 est.
519 1291 590 1355 Rex
606 1289 736 1354 interim
752 1289 784 1352 iu
803 1290 1001 1355 Normannia
1016 1292 1136 1376 degens
1151 1314 1227 1359 con..

269 1392 448 1476 gratulatur
463 1391 553 1477 paci;
575 1393 694 1476 etjam
716 1391 915 1457 dissimulare
936 1415 998 1456 non
1020 1406 1134 1479 potest,
1149 1417 1226 1459 con·

270 1492 372 1556 fidens
387 1492 448 1556 sibi
472 1491 648 1555 Dominum
673 1513 712 1555 ax
734 1491 794 1554 hoc
815 1514 883 1556 ease
904 1491 1075 1579 placatum,
1091 1494 1176 1579 quod
1191 1494 1225 1557 in

269 1615 379 1658 reram
406 1605 440 1659 et
465 1594 590 1657 firmam
618 1593 793 1657 amicitiam
816 1593 954 1657 amicum
979 1594 1048 1678 ejus
1071 1594 1228 1678 receperit

273 1695 474 1761 Anselmum.
523 1695 620 1759 Unde
637 1695 697 1760 sibi
712 1695 744 1758 in
761 1695 851 1758 brevi
872 1706 971 1759 totam
995 1695 1226 1760 Normanniam

272 1809 306 1861 et
321 1797 524 1884 repromittit,
541 1808 574 1860 et
589 1796 719 1882 quidem
743 1819 808 1861 non
825 1797 949 1863 frustra.
996 1797 1079 1861 Nam
1096 1796 1228 1862 fratrem

272 1921 365 1963 suum
381 1911 414 1965 et
430 1899 568 1963 fautores
583 1899 652 1983 ejus
663 1909 809 1962 conserto
824 1899 935 1985 proelio
950 1899 1073 1963 solenni
1089 1898 1228 1963 confecit

271 2012 305 2067 et
334 2003 439 2086 coepit.
486 2002 592 2076 Quam
622 1999 787 2064 victoriam
819 2012 941 2078 nactus,
971 2022 1029 2085 per
1059 2000 1228 2085 epistolam

273 2102 520 2167 communicavit
544 2102 718 2181 Anselm03
746 2124 820 2189 quae
843 2102 965 2166 meritis
989 2102 1167 2166 concordioe
1193 2112 1227 2166 et

274 2205 361 2290 pacis
375 2204 459 2268 inter
473 2227 527 2269 eos
538 2203 719 2268 reformatae
734 2203 961 2268 ascribebatur.
993 2203 1103 2278 Quum
1119 2214 1230 2270 autem

273 2307 306 2370 in
317 2305 461 2370 kalendis
472 2307 609 2390 Augusti
621 2317 719 2373 reret
730 2306 985 2392 archiepiscopus
996 2305 1229 2384 convenissent,

274 2407 455 2493 triumphus
467 2409 611 2473 ecelesiae
623 2408 771 2472 omnibns
785 2408 888 2493 patuit
893 2433 903 2485 3
922 2430 996 2492 rege
1008 2407 1228 2472 investituram

276 2509 481 2574 ecclesiarum
498 2508 604 2595 palam
627 2509 761 2572 cedente
785 2519 818 2572 et
841 2509 1037 2571 concedente
1058 2507 1230 2592 archiepis·

275 2632 366 2696 copo,
396 2633 457 2675 neo
486 2611 609 2696 aliquid
640 2609 828 2673 vendicante
865 2607 897 2669 in
928 2607 1138 2671 electionibus
1167 2607 1229 2672 nisi

276 2732 451 2786 assensum,
485 2709 614 2795 qualern
652 2709 732 2770 sacri
769 2727 907 2770 canones
943 2728 1007 2769 non
1044 2706 1228 2775 excludunt.

278 2811 393 2897 Neque
409 2810 496 2875 enirn
513 2808 631 2891 eligere
647 2828 707 2870 nec
724 2805 812 2889 virga
834 2805 982 2891 pastorali
1005 2806 1154 2871 investire
1169 2807 1231 2874 eibi

275 2934 333 2998 pro
361 2933 451 2974 more
478 2909 611 2994 antiquo
638 2929 803 2992 usurpans,
829 2906 1000 2993 procedere
1026 2907 1171 2993 permisit
1195 2908 1229 2973 in

275 3012 481 3098 dispositione
491 3009 696 3074 ecclesiarum
708 3009 875 3073 canonicas
885 3009 1066 3072 sententias.
1099 3009 1232 3096 Scripsit

275 3115 400 3179 interea
430 3111 494 3176 Dei
524 3110 662 3175 famulus
691 3109 837 3175 libellum
868 3131 967 3173 unum
995 3109 1036 3173 de
1063 3110 1232 3175 concordia

276 3214 499 3302 praescientiae‚
530 3212 818 3298 praedestinationis
853 3222 887 3276 et
914 3211 1026 3296 gratioe
1063 3212 1127 3275 Dei
1156 3234 1232 3277 curn

276 3318 378 3382 libero
400 3315 531 3380 arbitrio
539 3340 548 3393 3
578 3315 610 3378 in
634 3336 698 3401 quo
720 3325 831 3378 contra
852 3336 975 3378 morem
999 3335 1122 3378 moram
1145 3315 1231 3395 lecit,

278 3419 354 3506 quia
368 3439 499 3504 corpore
514 3416 692 3481 infirmatus
713 3427 795 3494 erat3
818 3427 855 3481 ut
871 3438 933 3480 non
949 3437 1033 3503 equo
1048 3416 1104 3481 sed
1119 3416 1233 3485 lectica

278 3521 320 3584 de
335 3519 404 3586 loco
419 3519 460 3584 ad
477 3518 582 3582 locum
598 3540 725 3604 semper
738 3529 849 3604 postea
862 3517 1041 3586 veheretur.

324 3619 434 3693 Quum
457 3618 566 3705 itaque
587 3618 659 3682 finis
681 3618 751 3702 ejus
773 3617 1059 3704 appropinquaret;
1088 3618 1233 3685 'Ibomas

281 3719 492 3785 Eboraoensis
509 3719 621 3804 junior
636 3720 706 3805 jam
730 3718 863 3799 electus,
879 3731 912 3784 et
932 3744 952 3785 a
968 3719 1129 3786 Willelmo
1146 3721 1234 3786 Win-

281 3823 418 3888 toniensi
433 3822 584 3908 episcopo
606 3821 780 3886 mandante
797 3820 951 3886 Anselmo
971 3823 1136 3909 presbyter
1149 3822 1234 3886 ordi·

281 3936 385 4001 natus,
401 3923 493 3987 finita
508 3923 593 3986 inter
612 3921 763 3986 eeclesias
784 3920 1047 3987 Cantnariensem
1062 3933 1096 3983 et
1111 3919 1234 3984 Ebora-

282 4047 408 4089 censem
429 4036 594 4111 coeperunt
610 4024 717 4109 jurgia
739 4023 867 4087 instare.
913 4021 959 4083 At
975 4018 1158 4097 Anselmus,
1174 4019 1235 4083 etsi

282 4126 322 4190 ad
338 4149 498 4190 summum
514 4148 644 4211 corpore
666 4127 832 4208 languens,
848 4121 963 4183 virtute
980 4129 1086 4180 tamen
1103 4117 1235 4184 indutus

283 4248 323 4289 ex
348 4225 424 4306 alto,
447 4226 579 4310 singulis
605 4226 702 4289 totins
727 4221 855 4305 Anglioe
882 4216 1036 4302 episcopis
1059 4216 1091 4279 in
1117 4217 1234 4285 virtute

283 4325 475 4390 obedientioe
508 4325 673 4411 praecepit,
701 4345 742 4387 ne
776 4320 913 4384 'l'homae
944 4315 1217 4383 communicarent
1225 4342 1234 4396 ;

284 4427 386 4493 donec
406 4427 460 4491 ille
483 4428 524 4492 ab
546 4427 685 4510 incoepta
708 4419 881 4485 rebellione
902 4416 1085 4492 desisteret3
1114 4417 1237 4484 litteras
