2992 5592
414 816 473 874 114
687 826 824 872 scaurus
840 823 1119 871 uassssmnusrs
1212 807 1293 887 [nra.
1311 825 1362 869 ru.

410 979 466 1064 qui
480 978 631 1044 instantia
642 978 798 1064 pervicaci
809 977 993 1063 provocavit
1004 979 1182 1051 incautum,
1192 990 1225 1040 et
1236 990 1360 1040 utcum-

410 1094 473 1159 que
500 1076 689 1162 respondere
711 1075 816 1161 coegit
838 1073 987 1140 invitum.
1031 1073 1117 1140 Mihi
1140 1072 1252 1160 itaque
1281 1073 1358 1140 illud

410 1178 549 1244 ethicum
566 1178 661 1244 facit:

515 1309 613 1362 Omnis
622 1308 675 1361 fert
685 1315 760 1371 setas,
772 1309 886 1360 animum
898 1323 1015 1375 qnoque;
1026 1322 1097 1377 sape
1108 1321 1161 1373 ego
1171 1304 1266 1373 longos

515 1393 653 1447 Cantando
664 1410 771 1465 puerum
782 1392 889 1444 memini
900 1408 943 1444 me
954 1390 1066 1444 condere
1076 1389 1162 1444 soles:

514 1479 594 1534 Naue
603 1479 686 1533 oblita
697 1479 762 1532 mihi
773 1483 813 1530 tot
823 1479 947 1540 carmina,
959 1493 1011 1529 rox
1019 1494 1123 1547 qnoque
1133 1475 1253 1538 Morim,

515 1567 576 1620 Jam
587 1566 656 1634 fugit
668 1567 733 1638 ipsa

411 1707 528 1769 Nonne
549 1726 627 1788 ergo
640 1724 764 1766 mecum
779 1702 889 1787 inique
903 1700 1021 1786 agitur,
1037 1701 1063 1765 si
1078 1698 1134 1764 illa
1143 1698 1298 1786 juvenilis
1310 1719 1360 1762 ex-

410 1804 519 1889 igatur
527 1804 662 1888 agilitas,
674 1805 700 1868 si
711 1804 857 1868 alacritas
867 1801 1020 1867 ferventis
1027 1800 1157 1886 ingenii,
1170 1801 1361 1865 simemoria

410 1903 491 1969 fides
512 1905 544 1968 in
567 1914 656 1969 muto
677 1903 821 1968 tumultu
845 1923 965 1979 rerum,
987 1915 1020 1967 et
1042 1915 1149 1978 aetate,
1178 1899 1264 1965 circa
1285 1902 1361 1963 aeria

410 2005 568 2069 duntaxat
582 2018 750 2091 occupata,
762 2005 823 2068 nisi
832 2017 994 2091 quatenus
1004 2016 1061 2069 aut
1076 2001 1245 2066 infirmitas
1252 1999 1362 2077 carnis,

409 2118 467 2170 aut
481 2105 677 2191 negligentia
698 2105 832 2190 spiritus
848 2128 889 2170 ex
912 2105 963 2169 his
977 2105 1120 2185 suborta,
1142 2126 1201 2190 per
1220 2102 1360 2167 fomitem

409 2209 544 2290 peccati,
575 2207 696 2272 malitia
727 2206 907 2271 serietatem
943 2206 1059 2272 minuit
1087 2217 1145 2270 aut
1181 2201 1362 2287 extinguit?

411 2306 536 2394 Utique
544 2307 627 2372 sicut
637 2307 751 2384 virtus,
764 2328 840 2394 quae
846 2328 944 2371 anuos
953 2308 1171 2393 praevenit,sic
1181 2305 1363 2390 etillaquoe

409 2406 590 2473 deficientes
619 2429 682 2471 non
704 2406 835 2484 deserit,
857 2419 1053 2492 acceptatur.
1097 2405 1260 2491 Insignem
1290 2402 1363 2468 fecit

411 2510 583 2575 Ascanium
598 2511 650 2574 leo
663 2508 810 2575 immanis
830 2522 1011 2595 prostratus
1026 2532 1046 2575 a
1061 2528 1174 2595 puero,
1187 2519 1221 2572 et
1234 2505 1362 2571 accessit

410 2612 531 2679 Entelli
546 2612 661 2694 titulis,
674 2613 808 2679 emerito
823 2610 888 2676 seni
903 2611 1018 2676 cedem
1032 2609 1206 2697 triumphis
1224 2608 1363 2695 inclytus

411 2716 535 2782 Dares:
562 2718 828 2799 gloriosissimum
856 2717 943 2780 enim
963 2723 1022 2791 est,
1051 2717 1081 2779 εἰ
1101 2716 1219 2777 uirtuti
1241 2721 1362 2777 acturo

409 2820 517 2884 cadere
545 2819 703 2884 videatur.
747 2818 822 2903 Ego
850 2829 957 2880 autem
974 2817 1044 2902 jam
1064 2815 1217 2880 emeritus
1239 2827 1272 2880 et
1287 2827 1362 2888 tam,

411 2921 527 2993 aetatis,
549 2942 647 3007 quam
671 2918 885 3006 professionis,
909 2932 967 2983 aut
988 2917 1109 2983 ordinis
1134 2917 1361 3004 privileg'o,si

405 3022 483 3106 jura
504 3021 724 3108 procederent,
748 3032 853 3098 tutus,
878 3019 1116 3107 quodammodo
1136 3018 1307 3104 protrahor
1320 3015 1361 3081 ad

410 3141 549 3202 uenam,
581 3136 613 3187 et
648 3122 773 3187 deserta
806 3133 838 3186 et
879 3119 1012 3209 desueta
1045 3141 1143 3205 cogor
1182 3121 1360 3183 instaurare

409 3223 590 3289 certamina.
637 3224 788 3289 Conditio
808 3225 890 3288 dura
911 3231 944 3285 et
963 3220 1033 3285 dira
1057 3220 1136 3284 mihi
1158 3222 1360 3307 proponitur,

411 3333 448 3383 ut
462 3334 516 3387 aut
531 3323 713 3386 conflictum
728 3323 843 3400 ineam,
858 3320 946 3409 quod
961 3343 1024 3386 non
1039 3320 1183 3408 expedit,
1194 3332 1264 3397 aut,
1274 3319 1358 3406 quod

409 3423 538 3486 omuino
549 3425 758 3508 perniciosum
770 3443 829 3501 est,
843 3425 946 3489 victus
960 3424 1165 3500 confessione,
1176 3423 1265 3510 turpi
1278 3443 1361 3487 meu·

410 3520 502 3587 dacio
526 3524 737 3610 adquieseam.
782 3526 1031 3612 Turpitudinem
1053 3527 1163 3611 itaque
1188 3524 1290 3590 malui
1306 3523 1358 3588 de

409 3624 539 3689 clinare:
563 3625 614 3689 cui
630 3639 687 3690 aut
705 3627 776 3705 soli,
790 3641 847 3693 aut
862 3652 929 3715 proe
950 3633 1082 3704 ooeteris,
1106 3627 1359 3715 philosophantis

409 3726 607 3814 propositum
618 3728 815 3795 advenatur.
852 3733 898 3795 Et
909 3733 987 3818 quia
996 3730 1133 3819 propriis
1144 3753 1209 3795 non
1220 3729 1358 3805 abundo,

409 3828 578 3893 amicorum
604 3831 746 3894 omnium
771 3830 889 3917 jaculis
910 3829 1126 3896 indifferenter
1157 3843 1241 3895 utor.
1287 3831 1358 3894 Non

409 3929 1221 4023 enim‚morecooetaneorumnostrorum,domeatica
1231 3929 1357 4018 negligo

406 4031 627 4109 instrumenta,
658 4032 714 4097 sed
742 4056 781 4096 ea
809 4046 900 4100 tanto
924 4032 1112 4098 familiarius
1139 4031 1356 4119 apprehendo,

408 4149 530 4221 quanto
539 4158 578 4198 ea
588 4137 705 4200 certius
716 4137 866 4200 noviense
877 4134 1019 4200 fidelium
1031 4158 1166 4201 munera
1175 4134 1358 4199 amicorum.

411 4237 531 4301 Rerum
543 4239 626 4302 enim
635 4238 750 4301 veritas
762 4249 927 4322 permanet
935 4236 1132 4323 incorrupta,
1139 4259 1198 4302 nec
1207 4255 1357 4322 unquam,

407 4341 493 4424 quod
517 4343 548 4406 in
564 4365 597 4405 se
611 4363 720 4404 verum
736 4352 796 4414 est,
819 4338 1022 4403 attestatione
1037 4341 1111 4402 novi
1127 4339 1269 4403 auctoris
1287 4358 1356 4401 eva-

408 4446 517 4505 nescit.
562 4443 643 4515 Quis
656 4454 775 4516 autem,
793 4441 852 4504 nisi
868 4422 1019 4515 insulsus,
1035 4453 1091 4504 aut
1109 4440 1266 4524 ingratus,
1288 4460 1356 4524 pro
