2992 5592
150 826 212 872 car.
227 809 275 890 a.]
501 826 740 875 usrmomcus.
1065 822 1105 877 79

149 976 985 1064 noncarcret,etutaiunt,scirpuseinonessetenodia
1017 983 1101 1047 Nam

147 1093 175 1142 et
183 1078 226 1143 ibi
237 1079 451 1155 monstrabat,
463 1078 543 1164 quid
557 1091 703 1164 oporteat
715 1081 856 1147 enodari.
879 1082 969 1148 Alter
979 1099 1100 1162 autem,

145 1178 174 1243 iu
187 1178 395 1265 responsione
413 1178 683 1266 promptissimus,
702 1183 897 1268 subterfugii
917 1206 1012 1249 causa
1027 1209 1100 1272 pro·

145 1278 280 1364 positum
297 1301 465 1365 nunquam
482 1279 651 1346 declinavit
670 1283 851 1361 articulum,
874 1287 953 1371 quin
969 1285 1100 1353 alteram

144 1380 404 1445 contradictionis
418 1394 541 1466 partem
557 1383 701 1468 eligeret,
716 1401 775 1449 aut
794 1384 1003 1452 determinata
1018 1389 1100 1453 mul·

144 1480 312 1566 tiplicitate
333 1481 497 1561 sermonis,
518 1480 644 1548 doceret
667 1506 763 1547 unam
795 1508 857 1548 uon
879 1509 946 1550 esse
972 1508 1100 1572 respon-

144 1583 270 1650 sionem.
311 1582 372 1649 llle
385 1607 462 1668 ergo
474 1584 505 1648 in
517 1586 753 1670 quaestionibus
763 1586 900 1662 subtilis,
913 1601 945 1651 et
958 1588 1098 1655 multus:

143 1683 199 1750 iste
213 1685 248 1749 in
261 1685 525 1772 responsionibus
536 1688 714 1774 perspicax,
726 1688 843 1768 brevis,
857 1702 889 1754 et
901 1689 1098 1754 commodus.

143 1789 222 1865 Quae
237 1787 317 1867 duo,
329 1793 456 1872 pariter
476 1796 534 1867 eia,
550 1790 576 1853 si
596 1793 700 1854 alicui
718 1788 861 1853 omnium
878 1790 1097 1876 contigissent,

142 1911 248 1976 parem
275 1887 389 1975 utique
411 1889 646 1977 disputatorem
669 1903 778 1954 nostra
808 1903 903 1954 aetate
932 1913 993 1954 non
1017 1907 1099 1958 esset

142 1990 294 2057 invenire.
338 1992 445 2058 Ambo
466 1993 551 2057 enirn
573 1993 660 2057 acuti
683 2004 774 2055 erant
796 1991 926 2077 ingenii,
949 2007 981 2057 et
1000 1992 1098 2060 studii

142 2093 332 2178 pervicacia:
357 2105 389 2158 et
421 2105 456 2158 ut
488 2116 569 2168 reor,
600 2093 707 2178 magni
737 2093 945 2180 proeclarique
976 2094 1036 2159 viri
1064 2097 1097 2160 in

141 2195 283 2282 physicis
309 2195 425 2261 studiis
451 2195 650 2276 enituissent,
677 2196 702 2260 si
727 2195 768 2260 dc
792 2219 908 2282 magno
932 2197 1096 2262 literarum

140 2298 320 2362 niterentur
334 2297 558 2374 fundamento,
574 2298 735 2362 sitantum
752 2298 940 2364 institissent
953 2300 1097 2385 vestigiis

141 2400 312 2488 majorum,
326 2413 485 2485 quantum
501 2398 567 2464 suis
582 2399 819 2486 applaudebant
836 2402 981 2468 inventis.
1015 2403 1097 2469 Haec

140 2522 198 2586 pro
225 2515 379 2588 tempore,
405 2524 472 2586 quo
497 2498 560 2565 illis
586 2500 716 2565 adhaesi.
773 2502 855 2566 Nam
882 2515 992 2588 postea
1014 2524 1097 2567 unus

140 2625 248 2667 eorum
260 2602 426 2688 profectus
438 2603 627 2679 Bononiam,
642 2601 809 2682 dedidicit,
824 2603 912 2687 quod
923 2602 1073 2669 docuerat
1086 2628 1094 2669 τ

139 2701 299 2791 siquidem
315 2714 347 2766 et
364 2724 508 2767 reversus
529 2701 691 2767 dedocuit.
737 2705 791 2765 Aa
809 2701 934 2780 melius,
948 2701 1096 2786 judicent

142 2808 198 2893 qui
220 2828 297 2871 eum
320 2817 406 2881 ante,
429 2815 461 2868 et
483 2817 594 2890 postea
616 2805 798 2870 audierunt.
845 2806 946 2869 Porro
960 2803 1041 2868 alter
1062 2808 1094 2870 in

141 2909 256 2979 divinia
277 2907 447 2994 proficiens
470 2904 579 2982 literis,
602 2905 696 2970 etiam
720 2906 935 2971 eminentioris
956 2906 1097 2993 philoso-

140 3011 238 3097 phiae,
264 3024 297 3075 et
319 3007 501 3073 celebrioris
527 3007 663 3072 nominis
689 3016 851 3072 assecutus
876 3019 923 3072 est
948 3006 1094 3090 gloriam.

142 3110 246 3196 Apud
255 3110 323 3185 bos,
332 3122 400 3175 toto
409 3109 602 3174 exercitatus
613 3108 750 3183 biennio,
761 3109 805 3172 sic
815 3108 891 3172 locis
900 3107 1096 3192 assignandis

141 3214 281 3291 usuevi,
300 3228 331 3279 et
352 3212 483 3298 regulis,
502 3226 534 3276 et
556 3211 627 3276 aliis
649 3210 904 3274 rudimentorum
922 3208 1097 3288 elementis,

141 3313 262 3401 quibus
272 3314 411 3401 pueriles
426 3313 522 3377 animi
534 3311 738 3389 imbuuntur,
748 3321 781 3373 et
792 3309 825 3372 in
838 3309 957 3395 quibus
967 3307 1096 3395 praelati

141 3417 288 3483 doctores
308 3415 522 3502 potentissimi
541 3425 642 3485 erant,
659 3425 690 3476 et
708 3409 950 3498 expeditissimi,
966 3424 1003 3476 ut
1025 3411 1095 3475 hoec

140 3519 248 3585 omnia
260 3516 340 3583 mihi
356 3517 482 3582 viderer
494 3537 584 3580 nosse
601 3528 752 3599 tanquam
770 3535 894 3599 ungues
909 3512 1095 3600 digitosque

141 3642 240 3689 meua.
272 3618 344 3687 Hos
358 3623 441 3688 enim
458 3618 552 3705 plane
567 3617 752 3696 didiceram,
767 3628 803 3681 ut
813 3615 951 3701 juvenili
967 3616 1095 3683 levitate

139 3721 243 3809 pluria
256 3722 391 3787 lacerem
409 3719 572 3785 scientiam
588 3741 701 3794 meam,
716 3741 813 3803 quam
829 3731 920 3784 esset.
953 3718 1095 3799 Videbar

141 3822 218 3891 mihi
233 3822 362 3902 sciolus,
377 3844 417 3887 eo
438 3821 527 3908 quod
542 3821 574 3885 in
590 3820 628 3885 iis
643 3842 717 3906 quaa
736 3819 910 3894 audieram,
927 3834 1096 3906 promptus
1138 3898 1141 3903 ι

140 3949 236 3994 eram·
280 3916 408 3992 Deinde
424 3945 568 3990 reversus
582 3924 613 3987 in
630 3945 691 4000 me,
706 3935 738 3986 et
750 3922 884 3987 metiens
899 3922 983 3987 vires
997 3945 1095 3998 meas,

139 4029 221 4094 bona
244 4040 483 4114 praeceptorum
506 4047 648 4091 meorum
672 4024 788 4109 gratia,
809 4023 955 4089 consulto
980 4047 1030 4087 me
1053 4023 1095 4086 ad

139 4131 386 4216 grammaticum
402 4131 441 4192 de
453 4131 587 4194 Conchis
602 4125 762 4205 transtuli,
772 4125 943 4212 ipsumque
960 4123 1096 4189 triennio.

141 4234 306 4301 docentem
317 4230 441 4297 audivi.
487 4230 619 4295 Interim
632 4227 693 4313 legi
706 4228 812 4314 plura,
821 4250 878 4291 nec
890 4249 941 4290 me
952 4245 1094 4310 unquam

139 4336 305 4420 poenitebit
324 4331 477 4418 temporis
491 4333 571 4421 ejus.
596 4329 806 4396 Postmodum
820 4350 895 4390 vero
908 4324 1095 4404 Ricardum,

140 4451 352 4528 cognomento
368 4433 576 4520 Episcopum,
598 4432 758 4497 hominem
781 4429 847 4494 lere
862 4423 982 4493 nullius
1000 4424 1094 4490 disci-
