2992 5592
762 826 866 870 INDEX
881 825 1039 870 GAPITUM.

722 1044 843 1096 LIBER
861 1043 1077 1097 SECUNDUS.

445 1145 468 1196 ¹·
487 1146 574 1208 QUOD
585 1144 679 1213 logica,
692 1165 723 1200 eo
735 1147 804 1218 quod
815 1164 903 1199 verum
915 1148 1016 1216 quaerit,
1028 1146 1062 1197 sd
1074 1152 1155 1198 totam
1167 1143 1276 1216 praeficit
1284 1141 1371 1194 Philo·

530 1229 654 1301 sophiam.

352 1317 359 1331 “
444 1314 469 1364 2.
488 1314 531 1367 De
542 1321 615 1367 secta
628 1316 868 1387 Peripatetioomm,
880 1321 908 1368 et
918 1322 976 1367 ortu
986 1314 1094 1383 logices,
1106 1320 1134 1366 et
1145 1316 1203 1386 ejus
1215 1318 1329 1364 anctore.

443 1402 469 1453 3.
487 1402 564 1464 Quod
576 1401 661 1470 logica
669 1397 910 1473 philosophantibus
919 1400 1084 1472 praelegenda
1094 1407 1142 1464 est,
1150 1408 1176 1452 et
1186 1400 1219 1452 de
1231 1396 1375 1450 differentis

529 1488 745 1553 demonstrativae,
757 1489 873 1558 itemque
886 1486 1036 1558 probabilis,
1049 1487 1162 1554 Logieae,
1175 1491 1202 1537 et
1214 1483 1372 1555 sophisticae.

442 1574 468 1625 4.
486 1574 559 1636 Quid
572 1574 727 1639 Dialectioa,
739 1581 767 1627 et
778 1575 847 1627 unde
859 1574 977 1626 dicatur?

442 1660 467 1712 5.
487 1660 530 1713 De
541 1662 658 1732 partibus
671 1661 831 1725 videorne,
844 1667 871 1713 et
882 1660 935 1712 fine
948 1660 1110 1727 Logioorum.

442 1747 468 1799 6.
487 1747 567 1809 Quod
578 1764 668 1801 omnes
679 1746 804 1814 Logicum
815 1751 949 1818 appetunt,
962 1745 1009 1798 sed
1021 1762 1072 1796 non
1084 1760 1173 1795 omnes
1185 1746 1361 1810 assequuntur.

442 1834 467 1890 7·
486 1834 565 1896 Quod
575 1833 729 1901 nugiloquos
740 1833 906 1886 ventilatores
917 1832 1035 1884 dedoceri
1048 1836 1158 1901 oportet,
1169 1836 1198 1881 nt
1210 1829 1302 1880 sciunt.

440 1917 467 1971 8.
485 1918 563 1981 Quod
577 1936 622 1970 eos
634 1915 791 1969 Aristoteles
802 1922 1001 1986 compescuerat,
1013 1918 1034 1966 si
1047 1916 1187 1966 audiretur.

440 2004 466 2058 9.
485 2004 565 2066 Quod
575 2003 701 2055 inefficax
714 2009 755 2055 est
767 2002 945 2055 Dialecticesi
961 2001 1070 2054 aliarum
1085 1999 1276 2071 disciplinarum
1293 1998 1369 2049 desti·

528 2094 617 2142 tnatur
627 2088 735 2142 auxilio.
854 2084 858 2091 '

425 2177 467 2230 10.
485 2177 603 2239 Quorum
614 2176 768 2227 auctoritate
779 2175 960 2246 prseoedentia,
972 2181 999 2227 et
1011 2175 1146 2244 sequentia
1158 2180 1284 2225 constent.

425 2263 466 2315 11.
484 2262 557 2324 Quid
569 2260 623 2314 sola
637 2260 782 2314 Dialectioa
794 2262 883 2332 possit.

424 2347 466 2399 12.
485 2346 518 2398 In
529 2345 622 2415 quibus
633 2349 734 2398 constet
745 2346 898 2398 exercitium
910 2345 975 2416 ejus,
986 2350 1012 2397 et
1024 2362 1074 2414 qno
1085 2350 1173 2396 utatur
1183 2344 1371 2397 instmmento?

424 2432 465 2486 1³.
484 2432 598 2494 Quantae
608 2430 731 2485 utilitatis
742 2431 777 2484 sit
788 2431 896 2483 scientis
908 2429 1091 2502 probabilium:
1114 2436 1142 2483 et
1153 2448 1211 2500 quse
1222 2430 1372 2502 simpliciter

525 2518 673 2571 necamus
683 2534 735 2569 non
746 2515 823 2569 focile
834 2518 1009 2570 innotescent.

423 2601 465 2655 14.
484 2601 554 2654 Item
564 2602 599 2655 de
611 2601 712 2654 codem.

423 2688 465 2741 15.
483 2689 551 2751 Qure
562 2687 702 2760 propositio
714 2688 749 2739 sit
761 2686 908 2739 dialectica:
928 2687 989 2756 quid
1001 2685 1150 2757 problema?

422 2773 464 2826 16.
482 2773 562 2835 Quod
574 2789 663 2824 omnes
675 2772 719 2824 alii
731 2768 887 2844 professores
897 2771 974 2843 hujus
987 2772 1125 2824 Aristoteli
1136 2773 1240 2825 cedunt.

422 2860 464 2916 17.
483 2859 570 2921 Quam
588 2859 731 2929 perniciose
750 2858 880 2922 doceatur,
902 2864 928 2910 et
948 2876 1005 2927 qnae
1023 2856 1118 2911 suerint
1136 2858 1169 2911 de
1187 2862 1326 2927 generibus
1344 2868 1370 2914 et

526 2944 660 3016 speciebus
672 2945 808 3016 opiniones
820 2944 1008 2997 modernorum.

423 3032 464 3087 18.
483 3031 562 3095 Quod
573 3030 736 3102 posteriores,
748 3047 850 3100 semper
861 3030 974 3101 priorum
986 3032 1118 3102 opiniones
1129 3034 1276 3086 immutant.

423 3117 463 3172 19.
482 3117 515 3169 ln
527 3135 579 3187 quo
589 3133 642 3169 uon
653 3117 688 3168 sit
699 3115 858 3186 parcendum
870 3115 1016 3168 doctoribus
1026 3115 1183 3186 hujusmodi.

420 3203 463 3256 20.
483 3202 621 3256 Sententia
644 3200 798 3253 Aristotelis
825 3200 858 3251 dc
884 3201 1026 3268 generibus
1049 3206 1076 3252 et
1099 3203 1243 3272 speciebus,
1266 3204 1368 3256 circum·

523 3285 622 3338 vallata
639 3284 784 3337 rationibus
800 3284 898 3348 multis,
917 3290 944 3336 et
961 3283 1100 3337 multarum
1121 3287 1269 3339 testimonio
1292 3289 1368 3359 scrip

525 3376 649 3423 tusorum.

735 3610 855 3664 LIBER
872 3610 1054 3664 TERTIUS.

440 3713 464 3767 l.
483 3714 629 3776 Quorsum
642 3711 811 3784 Porphyrium
823 3710 878 3778 legi
890 3716 1016 3782 oporteat,
1028 3718 1055 3763 et
1066 3711 1131 3763 elios
1143 3719 1280 3768 auctores?

438 3800 462 3852 2.
483 3797 526 3850 De
538 3795 739 3865 Categorisrum
750 3794 874 3859 utilitate,
887 3802 914 3847 et
926 3796 1113 3848 instrumentis.

437 3882 464 3934 3.
482 3882 550 3944 Quas
567 3881 602 3932 sit
619 3880 876 3952 praedicamentorum
894 3881 1034 3950 conceptio,
1046 3886 1073 3931 et
1089 3881 1182 3948 quibus
1200 3892 1321 3939 contenta
1337 3888 1371 3939 sit

525 3966 653 4018 sobrietas
663 3964 919 4038 philosophantium?

437 4056 463 4105 4.
482 4052 551 4114 Qua
570 4051 606 4103 sit
626 4049 771 4122 conceptio
792 4056 819 4103 et
838 4048 939 4102 utilitas
961 4047 1195 4104 Periermeniamm
1216 4053 1256 4106 vel
1278 4058 1370 4109 rectius

526 4136 736 4189 Periermeuias?

438 4225 464 4277 5.
484 4224 517 4276 ln
529 4223 623 4293 quibus
634 4221 759 4274 consistat
770 4238 860 4293 corpus
872 4220 948 4272 ortis:
967 4226 995 4271 et
1007 4219 1040 4271 de
1052 4219 1206 4291 Topicorum
1220 4226 1342 4280 utilitate.

435 4312 460 4361 6.
479 4312 522 4364 De
533 4308 648 4362 utilitate
661 4313 689 4360 et
699 4308 866 4377 conceptione
878 4307 955 4357 trium
965 4303 1087 4357 librorum
1099 4307 1126 4357 in
1139 4308 1253 4378 Topicis.

436 4400 459 4453 7.
481 4396 573 4448 Brcvis
585 4394 651 4446 ratio
663 4393 748 4461 quarti
762 4397 788 4443 et
800 4390 892 4459 quinti.
