2992 5592
387 814 407 873 8
776 827 954 871 nnocoous.

389 992 527 1053 aetotenr,
546 979 663 1065 scripta
684 1001 755 1042 mea
776 1000 975 1063 nequaquam
999 974 1158 1051 roderent,
1179 972 1260 1036 sicut
1283 994 1337 1034 nec

389 1100 449 1162 ego
460 1076 587 1141 illorum
600 1077 717 1163 scripta
728 1076 895 1161 redarguo.
925 1073 1010 1136 Mihi
1023 1087 1125 1136 tamen
1141 1092 1200 1156 pro
1211 1069 1338 1132 minimo

387 1190 448 1257 est,
473 1191 509 1242 ut
535 1178 673 1242 scribens
696 1177 737 1242 ab
763 1177 825 1241 illis
844 1176 982 1262 judicer,
1007 1174 1063 1261 qui
1088 1171 1194 1257 magni
1223 1170 1340 1233 faciunt

389 1283 569 1358 mimorum,
579 1277 973 1365 histrionumquejudicia,
988 1292 1020 1341 et
1035 1275 1122 1339 velut
1139 1275 1221 1338 servi
1237 1273 1336 1359 abjec

388 1382 513 1456 tissimi,
523 1392 751 1465 expavescunt,
763 1403 802 1442 ne
816 1379 856 1441 de
872 1379 911 1440 iis
926 1399 1090 1462 perperam
1107 1375 1271 1460 loquatur,
1283 1385 1337 1437 aut

388 1482 503 1546 sentiat
520 1479 632 1556 Thais,
648 1493 705 1543 aut
727 1478 862 1550 Thraso,
880 1474 1071 1551 Callirrhoe,
1085 1487 1142 1538 aut
1158 1474 1338 1558 Bathyllus.

387 1586 488 1646 Porro
504 1584 528 1647 si
545 1581 758 1667 Philosophiae
774 1577 965 1665 professores
979 1590 1218 1663 persequuntur
1234 1575 1338 1640 Philo-

387 1685 589 1768 sophantium
606 1695 791 1757 amatorem,
805 1679 898 1766 plane
913 1678 1056 1765 injuriosi
1073 1691 1159 1753 sunt,
1174 1692 1206 1741 et
1222 1678 1254 1740 in
1271 1700 1336 1740 eam

387 1790 468 1852 male
484 1800 684 1854 remunerant
704 1786 878 1849 caritatem.
924 1787 991 1847 Eos
1010 1783 1093 1845 enim
1109 1782 1166 1844 etsi
1185 1804 1336 1867 nequeam

386 1888 516 1962 imitari,
539 1901 625 1950 certo
648 1908 764 1957 amare,
788 1883 954 1958 honorare,
970 1895 1001 1946 et
1016 1882 1118 1946 colere
1140 1882 1336 1966 propositum

386 2003 444 2051 est.
492 1986 688 2049 Scholarium
713 2007 787 2047 vero
803 1984 973 2047 debueram
997 1984 1149 2046 meruisse
1175 1984 1335 2046 favorem:

387 2112 468 2174 quos
483 2101 539 2150 aut
555 2086 643 2172 quod
664 2099 750 2162 sunt,
766 2098 821 2148 aut
838 2084 925 2169 quod
946 2084 1090 2161 fuerunt,
1105 2084 1194 2169 quali
1209 2105 1337 2169 possum

386 2192 593 2254 advocatione
603 2187 751 2252 defendo.
797 2184 933 2259 Quodsi
951 2186 1072 2250 utiliter
1086 2209 1224 2270 gessero,
1235 2188 1337 2271 gratia

385 2307 418 2356 et
430 2316 548 2355 merces
557 2291 693 2354 debetur
703 2289 846 2352 eventui:
863 2288 909 2351 sin
922 2300 1029 2351 autern
1041 2289 1157 2364 minus,
1168 2287 1335 2351 voluntati.

388 2392 474 2456 Hinc
489 2406 536 2456 est
552 2391 652 2455 illud:

525 2510 612 2573 Egisti
625 2508 700 2573 nibil,
712 2510 806 2577 inquis,
818 2515 845 2561 el
858 2526 873 2560 a
887 2517 913 2560 te
923 2510 1025 2580 perdita
1036 2526 1114 2560 causa
1126 2515 1179 2559 est:

559 2592 647 2644 Tanto
659 2591 717 2663 plus
729 2592 819 2656 debes,
832 2592 923 2654 Sexte,
937 2592 1005 2659 quod
1017 2592 1117 2643 erubui.

387 2696 502 2779 Neque
524 2692 642 2756 enima
664 2692 885 2778 patrocinandi
908 2691 1010 2755 officio
1026 2692 1163 2756 excludo
1187 2694 1335 2777 potiores,

384 2794 410 2857 si
427 2817 505 2857 meae
523 2794 700 2857 devotionis
716 2808 875 2877 protestor
890 2794 1051 2856 affectum.
1096 2797 1336 2860 Praestantiores

383 2916 562 2978 supremam
574 2917 701 2959 uranum
709 2909 881 2980 apponant,
889 2896 967 2959 etad
978 2895 1164 2958 sententiam
1175 2896 1334 2960 ferendam

384 3019 443 3082 pro
476 2994 596 3079 logicis,
626 2995 754 3058 Judicis
784 2995 934 3058 inclinent
964 2995 1113 3058 officium.
1171 2996 1333 3081 Siquidem

384 3120 484 3183 quum
500 3119 597 3183 opera
613 3097 789 3181 logicorum
804 3096 1192 3182 vehementius‚tanquam
1206 3097 1337 3176 inutilis,

382 3199 561 3262 rideretur:
586 3212 617 3261 et
633 3220 683 3261 me
699 3196 928 3283 indignantem,
943 3211 974 3261 et
992 3198 1189 3274 renitentem,
1202 3201 1336 3263 aenrulus

383 3296 579 3382 quotidianis
594 3298 661 3361 fere
672 3297 791 3382 jurgiis
814 3308 1009 3378 provocaret,
1025 3297 1150 3360 tamdem
1172 3297 1259 3362 litem
1281 3322 1336 3362 ex·

382 3397 466 3483 cepi,
491 3397 585 3461 etad
610 3421 661 3460 eas
684 3398 869 3475 calumnias,
893 3422 974 3483 quas
997 3415 1232 3482 procuraverat,
1255 3403 1335 3466 sicut

382 3499 586 3582 emergebant
602 3497 712 3562 studui
729 3496 927 3582 respondere.
974 3499 1070 3563 Unde
1090 3501 1210 3564 factum
1226 3519 1285 3582 est,
1300 3513 1335 3566 ut

383 3601 473 3664 illum
496 3601 638 3664 ordinem
663 3599 752 3685 sequi
773 3600 964 3683 oportuerit,
987 3626 1053 3686 quo
1076 3602 1128 3666 ille
1145 3607 1290 3689 urgebat,
1305 3620 1335 3669 et

383 3701 573 3786 plerumque
597 3704 689 3764 silere
711 3722 730 3762 a
753 3700 942 3785 potioribus,
959 3702 1036 3765 dum
1060 3703 1260 3769 diluerentur
1281 3708 1336 3769 ob

376 3805 476 3890 jecta.
523 3804 597 3884 lpse
617 3802 699 3866 enim
721 3804 926 3889 procurabat,
941 3827 1037 3890 super
1054 3806 1174 3890 quibus
1194 3809 1336 3872 articulis

383 3905 476 3970 vellet
491 3906 664 3969 orationem
681 3904 862 3989 procedere.
908 3905 1033 3970 Placuit
1052 3907 1159 3992 itaque
1180 3911 1281 3985 sociis,
1299 3926 1332 3974 ut

381 4010 441 4072 hoc
457 4009 561 4092 ipsum
578 4006 791 4070 tumultuario
807 4028 949 4069 sermone
964 4008 1136 4071 dictarem:
1161 4032 1262 4093 quum
1280 4035 1334 4075 nec

382 4112 423 4176 ad
439 4108 610 4174 sententias
626 4108 786 4171 subtiliter
801 4108 1037 4182 examinandas,
1048 4132 1105 4174 nec
1116 4111 1156 4174 ad
1171 4113 1267 4176 verba
1283 4136 1335 4176 ex-

380 4209 539 4298 polienda,
554 4206 696 4272 studium
714 4219 903 4291 superesset,
920 4221 977 4272 aut
992 4209 1108 4272 ocium.
1141 4215 1334 4276 Necessariis

380 4314 462 4377 enim
479 4308 742 4396 occupationibus
756 4309 810 4372 vix
821 4309 942 4394 aliquid
956 4310 1092 4394 amplius
1103 4312 1333 4387 deducebatur,

380 4437 477 4499 quarn
495 4412 674 4478 relectionis
690 4409 778 4485 hora,
797 4410 844 4473 vel
862 4410 993 4474 somnii:
1011 4435 1111 4495 sirium
1129 4436 1167 4475 ex
1185 4415 1334 4477 mandato
