2992 5592
388 821 452 880 808
651 832 787 878 roauurs
803 833 1086 879 sinasnnareusrs

391 987 500 1049 multa.
546 984 790 1050 Adolescentior
808 999 917 1050 autem
931 987 1048 1065 factus,
1065 999 1168 1053 matre
1189 990 1354 1064 defuncta,

392 1087 553 1170 proficisci
590 1086 734 1171 disponit
772 1088 803 1151 in
842 1089 995 1168 Galliam,
1029 1091 1196 1155 literarum
1235 1105 1355 1157 tractus

391 1189 560 1267 ariditata;
583 1210 717 1273 quarum
732 1190 890 1255 desiderio
908 1192 1068 1255 immenso
1083 1196 1259 1272 aestuabat,
1272 1207 1305 1257 et
1318 1205 1353 1257 ut

391 1292 491 1374 patris
512 1293 568 1376 qui
590 1313 665 1356 eum
687 1294 845 1356 tractabat
858 1294 1007 1356 acerbius
1027 1295 1143 1359 saltem
1161 1297 1250 1379 fngae
1269 1317 1348 1381 prae·

392 1392 474 1457 sidio
489 1393 663 1457 declinaret
674 1395 839 1458 offensam.
870 1396 978 1466 Quum
989 1416 1065 1458 vero
1081 1398 1218 1479 patriam
1234 1399 1350 1462 exiens

391 1495 426 1558 in
439 1515 575 1558 ascensu
586 1495 704 1558 montis
714 1496 824 1560 labore
838 1496 955 1580 pariter
964 1505 999 1559 et
1009 1497 1094 1561 fame
1109 1499 1174 1563 lere
1189 1498 1350 1564 deficiens

391 1597 499 1661 nivem
526 1595 703 1670 manderet,
726 1611 762 1661 ut
786 1598 836 1660 rel
866 1597 913 1661 sic
938 1598 968 1661 ei
998 1611 1223 1681 repararentur
1247 1601 1347 1675 rires3

393 1699 596 1782 compatiens
610 1698 641 1762 ei
656 1698 809 1776 minister,
818 1719 912 1784 quem
927 1699 1061 1763 unicum
1072 1700 1197 1764 itineris
1207 1701 1349 1765 habebat

394 1803 529 1878 socium,
565 1800 735 1881 diligenter
770 1801 959 1883 investigare
996 1802 1109 1885 coepit,
1144 1823 1187 1866 an
1224 1801 1347 1887 aliquid

393 1904 615 1968 alimentorum
647 1904 789 1967 habebat
819 1903 852 1967 in
882 1903 1023 1980 sacculo,
1052 1924 1150 1986 quem
1183 1903 1349 1967 deferebat

392 2006 520 2082 asellus,
544 2018 576 2068 et
599 2005 704 2068 statim
728 2015 839 2069 contra
860 2025 951 2087 spem
974 2004 1204 2069 nitidissimum
1231 2027 1347 2089 panem

392 2108 524 2190 reperit3
547 2127 642 2190 quem
658 2107 732 2189 quis
746 2104 940 2189 imposuerat
953 2106 1133 2188 ignorabat.
1169 2107 1285 2192 Itaque
1299 2129 1348 2171 re·

392 2221 517 2270 creatus
541 2217 591 2270 est
615 2207 656 2269 ad
683 2207 767 2269 viam
791 2219 824 2270 et
848 2209 1000 2278 laborem,
1026 2209 1171 2272 muneris
1196 2210 1247 2272 sui
1274 2208 1349 2272 Deo

391 2309 508 2389 gratias
522 2327 631 2386 agens.

391 2579 470 2665 Cap.
487 2587 516 2646 2
541 2579 594 2645 De
613 2579 737 2642 actibus
758 2579 898 2642 Ansclmi
913 2580 950 2640 ia
969 2578 1185 2661 Burgundio,
1201 2578 1350 2644 Francia

432 2690 463 2746 et
477 2685 514 2747 ia
528 2683 747 2748 Normcnnio.
785 2681 957 2744 Anselmus
970 2687 1101 2744 securus
1115 2688 1162 2745 ert
1175 2682 1348 2746 masiliam

431 2782 1083 2866 Rotomugencicorcltiepmoopietscctus
1096 2788 1144 2846 est
1157 2781 1349 2848 Monachus

435 2888 538 2950 Becci.
1011 2914 1014 2918 ·

432 3042 581 3104 Execrrs
607 3037 727 3101 dehinc
752 3035 865 3118 partim
890 3035 922 3097 in
946 3032 1144 3114 Burgundio,
1167 3034 1285 3115 partim
1310 3034 1345 3094 in

389 3143 527 3206 Francia
547 3141 650 3203 tribus
671 3137 775 3213 annis,
794 3136 1009 3198 Lansrancum
1029 3135 1134 3208 illum,
1157 3133 1253 3217 cnjus
1275 3155 1344 3196 me·

388 3246 488 3307 moria
516 3245 550 3306 in
574 3238 777 3326 jucunditate
803 3250 835 3300 et
856 3235 1081 3299 benedictione
1110 3247 1168 3311 est,
1193 3237 1226 3297 in
1259 3237 1344 3297 Nor·

387 3347 517 3409 mannia
553 3342 643 3418 adiit,
673 3341 774 3403 ritum
812 3332 941 3423 quidem
979 3338 1085 3409 literis,
1108 3349 1142 3400 et
1170 3337 1344 3400 virtutibus

387 3449 557 3529 insignem,
581 3442 833 3508 conversationis
856 3461 914 3522 per
936 3440 1045 3502 omnia
1067 3440 1222 3522 probatae,
1244 3449 1277 3501 et
1300 3438 1342 3501 ad

386 3570 481 3633 quem
507 3545 700 3610 audiendum
726 3543 767 3606 de
794 3541 927 3605 diversis
953 3540 1064 3603 mundi
1090 3542 1236 3624 partibus
1263 3560 1343 3604 con·

384 3650 529 3712 fluebant
551 3648 736 3730 quicunque
758 3642 952 3727 eloquentiae
973 3645 1023 3705 vel
1048 3643 1217 3727 sapientire
1240 3663 1341 3725 appe·

385 3753 495 3813 tabant
524 3750 713 3831 profectum.
761 3748 794 3810 ls
823 3746 908 3808 enim
939 3744 1080 3807 omnium
1106 3744 1234 3827 judicio
1258 3764 1341 3828 prae·

386 3849 597 3916 stantissimus
612 3847 801 3912 habebatur.
839 3846 866 3908 F
867 3857 959 3909 actus
970 3857 1019 3909 est
1033 3865 1111 3925 ergo
1125 3845 1154 3906 ei
1167 3846 1342 3908 Anselmns

384 3954 546 4020 familiaris
565 3972 631 4034 prae
647 3951 787 4026 caeteris;
813 3958 846 4012 et
861 3947 1002 4031 magistri
1021 3942 1263 4031 quodammodo
1283 3965 1343 4006 ex·

383 4057 491 4121 hausit
505 4056 660 4141 spiritum.
705 4053 808 4114 Totus
828 4051 928 4113 literis
949 4059 1135 4132 occupatur,
1150 4056 1183 4109 et
1197 4067 1253 4109 eas
1267 4047 1340 4109 sine

384 4159 616 4223 intermissione
640 4165 694 4219 aut
720 4152 818 4215 discit
841 4159 896 4214 aut
925 4151 1029 4215 docet.
1074 4149 1200 4213 insistit
1221 4170 1343 4232 propo·

383 4264 456 4335 sito,
469 4277 674 4344 perseverans
690 4253 821 4318 infame
837 4264 869 4316 et
885 4254 950 4329 siti,
959 4253 991 4314 in
1004 4252 1120 4332 frigore
1136 4261 1169 4314 et
1183 4248 1344 4327 nuditate,

381 4375 469 4425 tanta
491 4360 621 4445 quidem
644 4355 823 4442 pervicacia
845 4353 955 4431 studii,
977 4365 1012 4416 ut
1034 4352 1165 4415 minoris
1180 4351 1344 4416 rideretur

381 4465 443 4524 ami
470 4483 565 4545 posse
588 4480 721 4544 regnum
747 4457 912 4520 coelorum.
958 4456 997 4516 lu
1021 4475 1056 4516 se
1079 4475 1155 4533 ergo
1181 4473 1341 4526 rerersus,
