2992 5592
275 800 336 858 304
487 810 625 856 maurus
641 807 932 868 sanusnerusnsrs,
950 793 1020 854 erc.

359 962 534 1026 Constituit
549 962 652 1035 vobis,
668 973 702 1024 et
717 960 809 1023 dedit
825 981 898 1023 esse
915 983 1055 1025 cocum.

273 1064 357 1128 lnde
372 1085 451 1146 puro
468 1063 558 1125 vobis
572 1083 676 1136 escas,
692 1063 846 1125 alimenta
860 1063 1025 1139 ministro,

356 1165 465 1227 Vitam
481 1184 648 1240 conservo,
663 1185 767 1246 pauca
782 1183 909 1224 reservo
925 1163 1021 1225 mihi.

271 1263 369 1338 Quod
385 1264 470 1327 datis
485 1263 623 1347 accipio,
638 1276 823 1348 susceptum
840 1263 1005 1348 decoquo,
1021 1279 1158 1329 coctum

358 1366 524 1428 Distribuo
540 1366 643 1438 vobis,
659 1366 778 1428 fercula
792 1385 930 1448 qumque
945 1387 1036 1446 gero.

271 1468 306 1531 Si
322 1488 378 1529 ros
392 1466 548 1547 ingeritis,
562 1487 624 1546 ego
638 1464 766 1547 digero:
790 1464 880 1547 quod
895 1481 1008 1540 uocet,
1025 1468 1113 1530 illud

358 1567 485 1650 Egere:
510 1566 597 1650 quod
612 1567 754 1649 prodest,
768 1567 870 1628 hoece
886 1571 1007 1650 cu'r'que
1024 1590 1117 1649 gero.

271 1672 399 1754 Pauper
413 1690 484 1731 sum
499 1690 617 1740 servus,
633 1669 680 1729 nil
695 1689 826 1750 possum
842 1689 963 1750 ponere
980 1669 1089 1745 robis,

358 1772 393 1834 si
407 1771 455 1832 nil
471 1769 640 1832 consertis:
664 1790 739 1831 uam
755 1790 825 1831 mea
839 1770 937 1850 byrsa
952 1781 1061 1832 vacat

272 1873 343 1936 Nee
359 1871 492 1934 nimium
508 1891 595 1945 curo,
611 1892 671 1933 uec
687 1892 747 1951 ego
763 1870 931 1932 minimum
947 1869 1029 1932 mihi
1045 1893 1167 1955 quaero.

359 1974 399 2035 lu
414 1970 521 2034 medio
536 1972 657 2053 positus
672 1982 748 2054 opto
762 1982 868 2032 tenere
883 1970 1030 2032 modum.

272 2077 300 2137 Α
315 2075 414 2137 nimio
429 2073 560 2137 veniunt
573 2071 711 2149 fastidia,
726 2071 869 2149 crimina,
884 2073 1031 2146 morbus,

359 2174 508 2256 Crapula,
524 2174 658 2236 luxuriae
675 2174 740 2248 sax,
754 2173 922 2255 laterisque
938 2172 1044 2235 dolor.

271 2275 446 2338 Aminimo
462 2275 597 2337 veniunt
613 2276 734 2338 iusestae
751 2275 859 2337 mortis
874 2274 994 2354 imago,

356 2375 458 2437 Frons
473 2374 580 2451 tristis,
595 2374 694 2437 facies
709 2375 840 2458 pallida,
854 2375 931 2437 laxa
946 2376 1042 2438 cutis.

270 2481 299 2540 A
313 2476 419 2540 medio
435 2477 568 2539 veniunt
581 2498 673 2539 mens
689 2499 815 2560 semper
828 2475 945 2554 sobria,
961 2497 1086 2560 eorpus

356 2579 548 2655 Robustum,
563 2577 639 2641 felix
657 2578 732 2655 rita,
747 2599 858 2642 serena
874 2578 976 2661 quies.

270 2681 359 2761 Ergo
374 2679 435 2741 sibi
451 2688 564 2741 caveat
578 2676 678 2752 dives,
693 2699 734 2740 ne
751 2677 880 2740 devoret
893 2675 978 2739 ultra

355 2782 461 2852 Quam
476 2780 552 2842 satis
567 2789 600 2843 et
613 2800 734 2862 pauper
749 2790 839 2841 curat
852 2778 970 2840 habere
986 2798 1106 2859 pamm

269 2882 315 2944 Et
329 2901 397 2958 vos,
411 2881 438 2942 si
453 2880 577 2963 sapitis,
591 2890 711 2942 servate
727 2879 857 2941 modum
873 2878 953 2940 mihi
969 2877 1094 2955 dando,

357 2983 571 3065 Dispensator
584 3003 638 3044 ero
654 3002 711 3064 pro
723 2981 844 3044 ratione
859 2980 937 3043 dati.

268 3085 362 3166 Saepe
378 3083 455 3145 mihi
474 3082 603 3159 dabitis,
619 3083 694 3166 quia
708 3083 802 3145 vultis
817 3102 902 3164 saepe
918 3083 1040 3145 cibari:

356 3186 504 3268 Namque
520 3205 576 3267 per
590 3184 652 3247 hoc
668 3183 759 3246 vobis
775 3185 838 3247 vita
848 3183 998 3267 salusque
1015 3183 1123 3247 datur.

267 3286 404 3366 Surgite,
421 3307 461 3348 ue
477 3283 586 3348 mortis
601 3284 733 3347 inducat
748 3284 862 3347 inertia
876 3304 1044 3347 somnum:

354 3386 475 3448 Somno
491 3382 621 3446 desidiae
631 3382 744 3468 judico
760 3404 845 3466 saepe
859 3383 948 3445 mori.

266 3485 418 3567 Turpiter
432 3485 605 3562 occumbit,
622 3505 717 3567 quem
733 3492 842 3566 torpor
857 3485 1009 3549 vulnerat.
1048 3487 1141 3568 Ergo

352 3583 489 3664 Surgite,
504 3607 588 3647 mors
603 3596 769 3668 properat:
792 3584 905 3656 sentio,
923 3585 990 3648 vita
1004 3586 1116 3667 fugit.''

267 3683 394 3744 Ventris
408 3682 451 3743 ad
466 3683 524 3745 has
541 3705 645 3756 voees,
662 3686 875 3747 membrorum
890 3687 984 3748 turba
999 3688 1135 3753 resumit

352 3781 456 3857 Vires,
470 3793 503 3843 et
517 3782 644 3846 rediens
658 3783 765 3847 induit
778 3806 866 3848 anna
881 3786 981 3867 vigor.

267 3884 415 3966 Surgunt,
432 3883 547 3944 officiis
563 3883 723 3962 iusistrmt‚
739 3884 848 3950 debita
862 3888 1001 3963 solvunt,

353 3984 526 4065 invigilant
540 3985 629 4066 operi
643 3985 773 4066 singula
788 3990 931 4051 membra
947 4010 1018 4052 suo.

264 4090 355 4160 Quos
370 4088 475 4149 socios
490 4086 563 4149 vitae
579 4086 656 4148 feeit
669 4099 794 4163 natura,
810 4090 929 4153 laboris

351 4193 457 4271 Atque
473 4187 577 4250 oneris
593 4189 697 4252 socios
712 4201 824 4253 mutua
839 4212 916 4254 cura
930 4190 1015 4256 facit.

263 4290 320 4352 Sic
335 4291 424 4352 litem
441 4290 556 4371 sepelit
570 4289 643 4352 laeto
659 4291 832 4354 concordia
846 4292 921 4366 fine,

351 4389 417 4452 Hic
433 4410 562 4473 quoque
578 4391 644 4453 vult
658 4389 756 4454 finem
772 4411 900 4454 carmen
915 4392 1036 4457 habere
1051 4417 1162 4461 suum.
