2992 5592
159 779 310 860 crnxn]
520 795 764 846 unrmoorcus.
1043 787 1104 849 201

155 972 209 1033 ego
230 969 303 1014 eum
321 951 460 1015 vertar:
493 948 595 1014 alieno
617 951 698 1014 enim
722 973 784 1014 non
808 964 880 1036 eget
901 951 1108 1032 adminiculo,

156 1052 229 1138 quia
250 1063 282 1115 et
305 1074 339 1114 se
362 1050 443 1116 ratio
464 1051 613 1131 illustrat,
633 1073 664 1117 et
682 1053 798 1118 veritas
818 1053 952 1140 seipsam
972 1055 1105 1120 invenit.

155 1156 201 1219 At
216 1154 250 1218 in
265 1152 429 1230 creaturis,
441 1153 529 1218 aliud
541 1153 669 1231 veritas,
679 1153 766 1218 aliud
782 1155 878 1219 ratio:
896 1178 966 1220 nam
980 1157 1106 1237 veritas,

155 1256 259 1342 imago
280 1255 428 1342 quaedam
452 1255 628 1320 divinitatis
650 1269 709 1334 est,
733 1279 827 1342 quam
851 1257 883 1320 in
906 1259 1000 1323 rebus
1023 1260 1106 1324 ratio

155 1356 282 1442 quaerit,
297 1369 329 1420 et
344 1355 474 1421 invenit.
520 1357 628 1432 Ratio,
642 1356 756 1434 virtus,
772 1370 829 1421 aut
844 1358 959 1422 mentis
973 1359 1106 1444 agitatio

154 1472 212 1536 cst,
234 1481 309 1544 quae
331 1472 506 1544 occupatur
530 1458 563 1522 in
589 1459 814 1545 perspicientia
836 1462 912 1524 veri.
958 1464 1031 1525 Non
1057 1475 1105 1526 est

154 1574 261 1625 autem
287 1559 404 1623 veritas
430 1560 612 1646 susceptiva
638 1561 880 1640 contrariorum,
905 1561 948 1625 ob
974 1561 1104 1626 eandem

155 1684 292 1738 causam,
308 1683 406 1748 quam
422 1662 463 1725 de
478 1661 600 1726 ratione
615 1662 760 1747 superius
774 1662 989 1747 exposuimus.

197 1920 278 2006 Cap.
295 1926 346 1985 lo.
374 1922 464 1985 Idem
480 1921 520 1984 de
533 1921 658 1984 mdem:
681 1927 712 1984 et
726 1922 812 2003 quod
826 1942 885 1986 nee
898 1923 991 2001 ratio,
1005 1943 1067 1986 nee

400 2025 521 2086 ueritas
534 2023 698 2085 contraria
712 2023 857 2104 cuempit.
901 2032 903 2036 ’

197 2175 233 2238 St
258 2175 322 2237 huc
349 2173 632 2259 Peripateticorum
661 2173 765 2238 tendit
789 2173 935 2254 intentio,
958 2186 995 2238 ut
1017 2177 1105 2239 omni

156 2275 294 2340 vanitate
321 2277 449 2361 rejecta,
473 2276 639 2341 veritatem
665 2299 771 2341 rerum
797 2290 959 2363 agnoscat,
981 2290 1012 2341 et
1037 2290 1106 2342 tota

154 2377 275 2441 ratione
297 2377 464 2441 veritatem
494 2380 555 2442 Dei
582 2389 717 2463 quaerat,
744 2392 924 2457 veneretur,
950 2390 981 2442 et
1007 2380 1104 2455 colat,

154 2499 216 2541 non
242 2476 398 2541 inutiliter
423 2475 596 2541 laboratur.
649 2477 800 2563 Alioquin
826 2500 923 2563 opera
950 2477 1045 2562 perit,
1072 2492 1104 2543 et

154 2576 306 2663 impensa.
364 2575 427 2638 Sed
457 2576 535 2660 quia
560 2576 663 2640 multa
692 2587 777 2651 sunt,
802 2600 876 2663 quae
900 2577 1105 2662 praepediunt

153 2677 405 2763 intelligentiam,
429 2690 542 2763 utpote
564 2677 755 2741 invincibilis
778 2677 958 2760 ignorantia
983 2699 1106 2757 eorum,

154 2803 226 2867 quae
242 2780 363 2845 ratione
382 2780 526 2866 expediri
549 2801 612 2842 non
635 2793 779 2865 possunt,
795 2780 877 2843 sicut
898 2792 972 2844 sunt
987 2792 1104 2844 sanctae

153 2883 319 2949 Trinitatis
341 2905 465 2961 arcana,
485 2901 517 2946 et
537 2882 612 2946 item
636 2881 793 2965 fragilitas
815 2881 1016 2960 conditionis,
1039 2882 1105 2946 vita

151 2984 266 3059 brevis,
283 2984 411 3048 utilium
434 2981 637 3066 negligentia,
654 2983 821 3068 occupatio
841 2981 974 3061 inutilis,
989 2983 1105 3068 proba-

153 3085 265 3151 bilium
282 3082 447 3147 conflictus
458 3083 657 3167 opinionum,
669 3083 775 3169 culpa,
792 3106 865 3168 quae
881 3081 982 3145 lucem
998 3082 1106 3147 deme·

151 3203 251 3263 retur,
275 3200 307 3249 ct
331 3184 459 3249 taudem
483 3185 692 3248 numerositas
713 3198 744 3248 et
767 3183 962 3248 immensitas
976 3184 1105 3250 investi·

150 3288 325 3374 gabilium:
350 3285 430 3350 adeo
452 3285 630 3350 obductum
652 3300 698 3350 est
721 3309 776 3349 cor
797 3286 983 3365 humanum,
1004 3300 1040 3353 ut
1062 3288 1105 3353 ad

150 3392 217 3456 veri
232 3385 378 3454 notitiam
396 3411 467 3452 raro
487 3387 586 3473 possit
609 3387 767 3454 accedere.
814 3387 876 3452 Sed
896 3388 930 3452 in
951 3388 1000 3454 his
1019 3405 1104 3469 octo,

152 3515 226 3576 quae
249 3490 423 3577 praeposita
444 3502 531 3569 sunt,
553 3488 632 3552 nihil
654 3489 745 3570 adeo,
771 3512 830 3575 pro
855 3513 925 3554 mea
946 3491 1104 3578 opinione,

152 3593 313 3657 scientiam
329 3615 436 3657 eorum
454 3615 528 3676 quae
543 3589 729 3675 expediunt,
740 3590 980 3676 impedit,sicut
996 3592 1102 3680 culpa,

153 3718 227 3781 quae
248 3708 372 3781 separat
387 3695 470 3758 inter
486 3717 542 3758 nos
557 3705 589 3758 et
609 3693 726 3769 Deum,
743 3706 774 3757 et
797 3693 916 3757 fontem
932 3694 1103 3779 praecludit

153 3798 310 3863 veritatis:
342 3821 436 3884 quem
461 3811 564 3861 tamen
586 3797 668 3861 ratio
690 3797 779 3862 sitire
799 3819 861 3860 non
884 3813 994 3863 cessat.
1041 3801 1104 3865 Cor

151 3923 266 3979 meum,
281 3900 385 3985 inquit
400 3922 489 3965 mens
503 3922 630 3964 suorum
646 3899 771 3963 conscia
786 3912 1001 3985 peccatorum,
1015 3903 1104 3965 dere·

152 4005 247 4085 liquit
261 4023 320 4081 me,
335 4010 364 4065 et
379 4004 489 4066 lumen
509 4006 672 4067 oculorum
693 4022 845 4078 meorum,
861 4011 891 4064 et
910 4005 1016 4083 iprum
1037 4023 1104 4064 non

152 4111 198 4168 eal
223 4125 353 4167 mecum.
400 4102 562 4189 Siquidem
587 4103 646 4166 nisi
669 4126 717 4184 ea,
739 4125 814 4188 quae
837 4102 925 4165 novit
953 4104 1037 4185 quis,
1059 4102 1102 4166 ad
1130 4149 1136 4160 .

151 4205 294 4269 divinum
333 4202 472 4267 reflectat
509 4204 710 4289 obsequium,
739 4225 801 4266 non
832 4224 905 4265 cum
935 4201 1016 4286 ipso,
1046 4203 1101 4265 sed

154 4306 262 4392 potius
276 4319 387 4369 contra
408 4303 523 4389 ipsum,
539 4305 616 4368 facit
639 4302 770 4367 scientia
791 4302 879 4386 ejus:
904 4300 1003 4364 multa
1019 4299 1103 4367 enim

152 4409 229 4472 scire
256 4430 317 4471 non
349 4407 489 4491 prodest,
517 4406 542 4469 si
570 4428 667 4470 unum
699 4404 791 4478 desit,
819 4400 904 4484 quod
932 4417 979 4464 est
1007 4424 1104 4488 super
