2992 5592
643 811 867 857 surasrrcus.
1165 798 1228 865 29³

277 962 421 1048 Fureque
437 965 583 1044 deterior,
599 965 650 1029 111
665 986 715 1028 res
730 966 911 1029 extrinseca
925 963 1015 1029 cordi
1031 973 1091 1044 est,
1143 968 1226 1030 169³

363 1067 406 1129 Ut
421 1078 544 1130 mentes
559 1065 689 1150 proprio
705 1067 826 1129 lumine
841 1065 976 1143 fraudet,
991 1067 1067 1150 agit,

275 1167 345 1229 Nec
361 1169 454 1231 rebus
469 1170 581 1252 parcit,
598 1169 696 1231 stulto
712 1190 792 1252 quas
807 1169 908 1231 tutius
921 1169 1043 1245 ausert;

361 1271 445 1332 Nam
461 1271 591 1353 sapiens
605 1269 716 1352 vigilat
731 1282 764 1332 et
779 1290 837 1332 sua
852 1268 970 1331 damna
985 1280 1089 1344 cavet,

273 1372 361 1434 Dicit
376 1373 472 1448 euim,
487 1372 565 1435 dum
581 1372 726 1434 fallacem
743 1371 963 1454 cupidumque
978 1371 1115 1451 repellit,

358 1476 553 1551 Asseutator‚
568 1473 631 1549 abi,
647 1473 751 1550 Zoilo,
765 1484 798 1535 te
813 1470 918 1534 video.
1140 1477 1222 1537 1700

642 1577 694 1636 De
708 1576 849 1638 Motene.

271 1675 399 1737 Miraris
414 1676 550 1739 famulos
565 1677 645 1738 111111
661 1675 796 1738 cessisse
813 1674 961 1738 Mathoni
975 1698 984 1752 ;

358 1777 434 1838 Hoc
450 1795 541 1837 meus
556 1775 652 1857 plena
667 1773 762 1850 dolis,
777 1774 839 1837 hoc
856 1776 941 1839 mala
955 1778 1067 1860 lingua
1081 1777 1169 1855 facit,

274 1876 348 1939 Hoc
365 1877 543 1939 auditorum
559 1875 681 1952 levitas,
696 1885 732 1938 ut
746 1875 855 1938 tressis
870 1897 966 1958 agaso

357 1979 464 2041 Possit
478 1980 519 2041 ab
536 1978 661 2059 ingrata
676 1977 795 2059 pellere
811 1999 969 2061 quemque
985 1980 1092 2045 domo.

271 2078 429 2142 Credulus
445 2078 572 2141 auditor
587 2078 643 2140 fidi
661 2079 822 2162 vetulique
838 2079 965 2143 clientis
1140 2087 1222 2148 1700

358 2182 531 2244 Immemor
544 2191 595 2244 est
608 2191 641 2244 et
655 2190 742 2243 amat
757 2200 883 2263 semper
897 2182 1019 2247 habere
1033 2204 1142 2248 noros.

272 2281 357 2344 Nam
373 2282 518 2365 quotiens
533 2283 618 2345 facili
634 2282 718 2365 pede
734 2282 806 2344 vilis
821 2283 854 2345 in
871 2304 944 2346 aure
959 2298 1111 2364 susurrat,

358 2384 499 2448 Toxicat
514 2385 647 2448 interius
663 2382 768 2446 cordis
783 2395 815 2446 et
829 2384 893 2447 oris
908 2407 1000 2469 opus.

270 2487 406 2560 AEtates,
421 2507 536 2559 mores,
552 2486 706 2562 fortunas,
721 2485 926 2550 conditiones

356 2587 470 2650 Versat
485 2597 517 2650 et
532 2586 687 2670 appendit
702 2587 846 2668 garrulus
862 2598 937 2652 ante
953 2588 1068 2652 seeum.
1137 2593 1220 2654 1710

269 2686 351 2771 Ejus
366 2689 407 2750 ab
423 2688 552 2751 arbitrio
569 2687 717 2749 dominus
732 2688 814 2749 male
831 2709 926 2750 sanus
941 2697 974 2751 et
989 2710 1105 2753 excors

354 2793 419 2851 Aut
433 2791 507 2852 beat
521 2801 576 2851 aut
589 2799 728 2871 torquet,
743 2787 813 2851 odit
828 2801 950 2851 amatve
966 2810 1051 2855 snos.

268 2890 384 2952 Infelix
400 2891 497 2971 igitur
512 2889 626 2952 domus
641 2899 690 2951 est
705 2900 736 2952 et
754 2909 851 2971 poena
864 2890 1034 2969 bonorum,

356 2991 436 3067 Quae
453 3001 575 3053 rectore
591 3010 704 3052 carens
719 2991 779 3052 sub
794 2989 945 3055 ciniflone
960 2994 1071 3073 gemit,

268 3093 389 3155 Infelix
405 3091 556 3175 equidem
571 3091 666 3153 nimis
681 3102 728 3154 est
744 3103 776 3153 et
791 3091 899 3174 praeda
915 3096 1078 3171 volonum,
1138 3099 1221 3161 1715

356 3194 437 3264 Quae
453 3191 559 3275 rejicit
575 3202 696 3253 veteres
712 3210 779 3253 non
793 3191 927 3256 fruitura
940 3194 1044 3258 novis.

270 3294 383 3357 Stellio
399 3294 439 3357 de
456 3292 545 3356 furtis
560 3293 717 3355 maculam
733 3293 894 3355 contraxit
907 3294 1047 3372 inanem,

357 3397 426 3457 Nee
443 3406 492 3457 est
507 3394 565 3471 sur,
580 3415 621 3457 ex
636 3414 701 3476 quo
718 3393 841 3456 destitit
855 3415 925 3458 esse
940 3417 1024 3460 reus.

487 3493 631 3556 Decitio
646 3491 777 3554 iavidiae
793 3504 824 3556 et
838 3515 914 3558 euro
928 3495 1003 3583 ejus.

266 3596 418 3682 Subjacet
432 3596 561 3661 invidiae
576 3596 723 3659 stimulus
739 3617 809 3660 sors
824 3597 908 3674 laeta,
924 3599 1085 3685 miserque

355 3700 450 3762 Solus
466 3699 506 3761 ab
523 3698 572 3760 his
589 3697 681 3775 liber,
696 3699 783 3762 solus
798 3711 830 3761 et
843 3699 935 3763 hoste
951 3713 1049 3766 caret.
1136 3710 1219 3770 1720

267 3801 363 3863 Livor
377 3799 462 3863 edax
477 3799 556 3862 alios
571 3798 647 3861 dum
662 3797 777 3869 laedere
793 3800 888 3881 gestit
902 3813 935 3864 et
948 3801 1040 3883 ignes

353 3901 497 3979 Excitat,
511 3899 668 3983 imprimis
683 3899 783 3963 uritur
796 3899 872 3981 igne
887 3921 958 3966 suo.

266 4003 523 4087 Consoditurqne
539 4003 606 4066 suis
621 4002 769 4080 stimulis,
783 4023 818 4066 se
834 4002 931 4067 dente
947 4018 1082 4071 cruento

352 4102 452 4166 Rodit
466 4113 499 4166 et
513 4104 654 4187 impulsu
669 4101 794 4187 deperit
809 4126 911 4187 usque
926 4125 996 4167 suo.

268 4205 371 4267 Nemo
386 4205 470 4268 valet
484 4225 607 4268 morsus
621 4204 801 4287 rictumque
817 4226 930 4268 cavere
946 4206 1110 4283 caninum,
1137 4213 1218 4273 1711

352 4305 441 4377 Quos
464 4305 587 4378 schola,
615 4324 696 4385 quos
720 4305 906 4383 claustrum,
931 4323 1012 4386 quos
1036 4305 1219 4379 1111111111

480 4426 612 4469 nocens.
