2992 5592
304 791 347 851 60
562 808 698 854 roanms
715 808 991 857 sanssnsmsnsrs
1133 798 1214 878 [ura.
1229 819 1250 865 t.

300 962 461 1041 iqnorare.
508 958 553 1022 Et
568 958 644 1046 qnia
666 959 697 1023 in
714 973 784 1025 toto
799 964 1093 1047 praeexercitamine
1107 967 1254 1034 erudien-

301 1059 428 1135 dorum,
443 1060 523 1125 nihil
544 1061 656 1126 utilius
673 1076 732 1140 est,
748 1087 845 1151 quam
872 1064 913 1140 ei,
929 1066 1018 1151 quod
1037 1067 1107 1131 fieri
1126 1093 1165 1134 ex
1186 1083 1251 1135 arte

299 1174 439 1248 oportet,
452 1185 641 1240 assuescere,
654 1188 775 1250 prosas,
789 1180 819 1230 et
837 1181 985 1253 poemata
1001 1170 1147 1253 quotidie
1157 1163 1252 1259 scrip

300 1264 450 1342 titubant,
465 1278 497 1329 et
516 1289 549 1330 se
572 1268 693 1332 mutuis
717 1269 906 1333 exercebant
929 1268 1166 1351 collationibus,
1188 1296 1251 1358 quo

300 1364 430 1451 quidem
452 1366 614 1446 exercitio,
628 1367 708 1430 nihil
729 1368 841 1433 utilius
861 1368 902 1434 ad
926 1369 1157 1455 eloquentiam,
1174 1372 1251 1438 nihil

298 1465 479 1552 expeditius
490 1467 530 1531 ad
544 1467 716 1544 scientiam,
725 1484 757 1534 et
767 1469 942 1556 plurimum
955 1473 1079 1535 confert
1092 1471 1249 1550 advitam,

299 1568 324 1631 si
340 1577 444 1631 tamen
461 1568 541 1632 hane
557 1567 760 1633 sedulitatem
778 1567 859 1654 regit
869 1570 996 1644 caritas,
1014 1594 1040 1635 st
1056 1571 1087 1635 in
1103 1573 1249 1658 profectu

299 1669 439 1734 literario
462 1683 606 1736 servetur
628 1671 804 1735 humilitas.
849 1676 923 1736 Non
941 1678 1087 1738 estenim
1109 1678 1249 1756 quadem

297 1775 445 1851 hominis,
476 1774 578 1838 literis
605 1785 637 1839 et
660 1775 845 1838 carnalibus
873 1778 960 1839 vitiis
987 1777 1154 1843 inservire.
1198 1778 1248 1844 Ad

298 1873 396 1959 hujus
414 1876 556 1958 magistri
585 1876 719 1939 formam
750 1887 960 1962 praeceptores
989 1880 1050 1942 mei
1081 1879 1113 1942 in
1143 1902 1247 1965 gram-

298 1978 424 2049 matica,
448 1977 627 2042 Guilelmus
647 1980 685 2041 de
709 1981 859 2055 Cauchis,
885 1992 917 2043 et
939 1981 1112 2059 Ricardus,
1135 2005 1249 2068 cogno-

296 2089 403 2141 mento
433 2081 628 2163 Episcopus,
652 2077 756 2141 officio
778 2102 863 2143 nunc
887 2080 1143 2147 Archidiaconus
1166 2086 1248 2150 Con-

296 2178 486 2254 stantiensis,
519 2179 584 2242 vita
619 2192 651 2244 et
680 2181 919 2244 conversatione
949 2181 997 2244 vir
1027 2183 1143 2260 bonus,
1174 2208 1246 2250 suos

295 2278 466 2365 discipulos
475 2279 660 2366 aliquandiu
669 2280 932 2346 informaverunt.
955 2280 1018 2346 Sed
1028 2274 1258 2370 postmodum,

293 2404 334 2446 ex
350 2406 416 2468 quo
430 2382 537 2469 opinio
558 2383 682 2447 veritati
704 2382 926 2469 praejudicium
948 2384 1036 2461 fecit,
1052 2397 1085 2448 et
1106 2387 1247 2453 homiues

293 2484 405 2566 videri,
413 2509 509 2574 quam
518 2509 583 2549 esse
593 2485 773 2573 philosophi
785 2486 978 2562 maluerunt,
989 2487 1246 2576 professoresque

291 2589 421 2666 artium,
438 2613 470 2653 se
483 2601 582 2653 totam
595 2587 826 2675 philosophiam
841 2589 980 2666 brevius,
992 2613 1087 2675 quam
1100 2591 1245 2669 triennio,

291 2706 348 2758 aut
370 2692 507 2768 biennio,
530 2691 746 2758 transfusuros
769 2691 972 2757 auditoribus
994 2692 1242 2778 pollicebantur,

290 2794 411 2880 impetu
425 2792 642 2858 multitudinis
652 2792 811 2877 imperitae
821 2792 907 2868 victi,
917 2808 1090 2859 cesserunt.
1114 2793 1244 2860 Exinde

289 2908 408 2971 autent,
425 2897 530 2958 minus
552 2894 714 2980 temporis,
729 2907 762 2957 et
778 2893 964 2978 diligentias,
979 2894 1012 2958 in
1027 2900 1243 2980 grammaticae

289 2998 399 3064 studio
413 2999 592 3084 impensum
607 3011 666 3060 est.
690 2999 745 3061 Ex
761 3019 828 3082 quo
843 2998 990 3081 contigit,
1007 3011 1044 3061 ut
1060 2999 1119 3085 qui
1136 3021 1243 3063 omnes

288 3116 382 3182 artes,
408 3115 472 3166 tam
503 3100 649 3165 liberales
671 3119 767 3185 quam
798 3099 1006 3171 mechanicas,
1039 3101 1241 3183 profitentur,

286 3227 345 3267 nro
360 3204 494 3289 primam
514 3202 679 3266 noverint:
702 3201 769 3264 sine
784 3224 860 3287 qua,
877 3202 997 3264 frustra
1019 3202 1093 3286 quis
1113 3225 1241 3288 progre-

287 3304 393 3366 dietur
405 3304 444 3366 ad
457 3302 606 3388 reliquas.
651 3303 741 3367 Licet
755 3317 861 3367 autem
874 3317 906 3368 et
919 3302 990 3366 aliae
1001 3303 1188 3388 disciplinae,
1201 3302 1240 3367 ad

286 3404 481 3465 literaturam
499 3401 676 3484 proficiant,
692 3404 760 3467 haec
777 3419 881 3466 tamen
903 3403 1072 3487 privilegio
1088 3403 1240 3490 singulari

286 3504 389 3567 faeere
417 3500 536 3565 dicitur
565 3503 731 3567 literatum.
784 3504 948 3591 Siquidem
981 3503 1143 3569 Romulus
1172 3528 1238 3569 eam

284 3607 495 3676 literaturam,
527 3607 628 3667 Varro
663 3627 738 3668 vero
768 3606 978 3669 literationem
1009 3606 1171 3691 appellat:
1207 3620 1237 3672 et

285 3708 443 3795 professor
458 3707 538 3791 ejus,
562 3706 627 3769 sive
642 3721 788 3784 assertor,
811 3708 930 3771 dicitur
945 3707 1102 3772 literatus.
1149 3709 1239 3774 nnti-

284 3807 395 3897 quitus
410 3822 515 3873 tamen
534 3810 709 3873 vocabatur
724 3809 867 3874 literatos
884 3812 985 3892 juxta
999 3808 1080 3873 illud
1099 3809 1236 3884 Catulli;

283 3919 403 3980 Manto
420 3913 476 3974 dot
493 3913 552 3975 tibi
563 3915 654 3998 Sylla
676 3917 830 3977 literator.
876 3911 973 3975 Unde
989 3911 1157 3995 probabile
1178 3924 1237 3987 est,

283 4016 370 4104 quod
396 4029 595 4100 contemptor
620 4013 845 4099 grammaticae,
875 4035 938 4075 non
968 4011 1065 4076 modo
1096 4013 1237 4078 literator

282 4144 343 4185 non
359 4132 419 4198 est,
435 4116 488 4182 sed
506 4140 563 4183 nee
578 4117 724 4182 literatus
739 4115 801 4178 dici
818 4114 924 4178 debet.
1000 4181 1005 4191 ,
