2992 5592
251 813 314 871 338
513 819 649 865 :esurus
666 817 951 864 sanssnsnrsssrs

300 976 443 1054 Rogatus
473 983 580 1035 autem
609 992 629 1033 a
655 970 796 1033 Widone
822 971 1086 1056 archiepiscopo
1112 973 1222 1036 nobilis

259 1070 403 1142 Viennae,
427 1092 499 1154 quae
522 1069 610 1132 dicta
638 1079 687 1131 est
714 1068 858 1131 maxima
884 1069 1088 1148 Galliarum,
1114 1073 1222 1136 festivi·

259 1183 354 1234 tatem
370 1173 456 1235 beati
473 1172 628 1248 Mauritii,
643 1192 716 1252 quae
738 1172 780 1233 ob
796 1173 1011 1253 praesentiam
1029 1176 1150 1258 capitis
1164 1176 1224 1260 ejus

260 1271 307 1334 ibi
326 1272 469 1335 solennis
491 1283 550 1349 est,
573 1272 754 1334 celebravit
798 1271 958 1354 Expletis
981 1273 1119 1350 divinis,
1135 1297 1224 1359 quum

261 1371 302 1435 ad
327 1374 533 1437 relectionem
560 1374 703 1456 corporis
734 1372 982 1450 consedissent3
1016 1374 1085 1439 duo
1116 1378 1226 1441 milites

263 1494 343 1536 voce
358 1475 501 1551 tremula,
518 1475 606 1536 vultu
625 1472 768 1555 pallenti,
784 1470 909 1534 debiles
932 1487 968 1537 et
990 1478 1060 1540 sere
1084 1477 1227 1541 membris

264 1575 427 1638 arentibus
448 1575 627 1651 astiterunt,
643 1574 863 1655 supplicantes
887 1588 924 1637 ut
947 1575 990 1638 de
1015 1577 1116 1642 micis
1138 1581 1224 1665 panis

265 1676 315 1737 sui
343 1675 383 1738 iis
413 1673 533 1759 aliquid
567 1674 753 1756 dignaretur
781 1675 939 1740 conferre.
988 1681 1035 1741 At
1061 1681 1131 1757 ille,
1151 1681 1226 1744 “Ut

267 1774 379 1840 video''
401 1777 517 1860 inquit,
541 1777 641 1839 “non
671 1787 735 1839 tam
765 1776 859 1838 micis
883 1797 984 1860 quam
1012 1803 1102 1864 pane
1128 1781 1224 1846 solido

268 1877 430 1959 indigetis.
475 1876 649 1940 Abundant
673 1874 748 1954 cibi,
771 1887 802 1938 et
823 1876 916 1940 locus
940 1883 1076 1964 amplus
1097 1894 1167 1961 est3
1186 1884 1226 1946 ite

267 2000 390 2041 sessum
405 2000 479 2041 cum
493 1977 731 2052 benedictione,
746 1976 905 2039 comedite
927 1994 1090 2061 quantum
1106 1982 1226 2045 vultis!

268 2079 398 2162 Adjecit
411 2078 525 2155 etiam,
546 2081 565 2110 “
579 2078 670 2141 Nihil
686 2074 772 2141 aliud
788 2076 905 2140 faciam
921 2081 1031 2157 robis,
1046 2082 1227 2163 intelligens

270 2202 333 2264 quo
359 2179 601 2243 intendissent.’'
646 2179 778 2242 Vitabat
800 2177 884 2241 enim
910 2180 1090 2264 quicquam
1114 2184 1228 2260 iacere,

269 2279 355 2362 quod
378 2279 532 2341 miraculo
555 2291 663 2361 posset
684 2278 821 2356 ascribi3
854 2300 920 2341 non
944 2283 1034 2345 enim
1058 2306 1152 2348 suam
1175 2287 1228 2350 scd

270 2379 336 2441 Dei
351 2374 484 2459 gloriam
499 2380 684 2462 appetebat,
696 2401 843 2463 quaerens
857 2382 892 2444 in
907 2385 1063 2448 omnibus
1078 2409 1145 2451 non
1161 2411 1229 2473 qne

268 2502 327 2545 sua
355 2492 438 2558 sunt,
462 2480 522 2544 sed
552 2503 624 2564 quae
647 2482 728 2544 Jesu
755 2482 885 2546 Christi.
931 2484 1034 2549 Porro
1061 2509 1083 2551 a
1110 2489 1231 2554 dextris

270 2582 450 2646 sedentium
472 2584 577 2646 sancti
599 2582 656 2644 viri
682 2585 882 2667 propositum
904 2584 1031 2664 videns,
1054 2593 1150 2674 quasi
1172 2593 1229 2655 im·

269 2683 462 2768 portunitate
483 2682 660 2766 petentium
676 2683 790 2760 rictus,
814 2683 995 2764 fragmenta
1016 2691 1136 2772 rapuit,
1150 2712 1229 2775 pne·

271 2787 407 2870 buitque
422 2784 622 2868 petentibus;
645 2804 779 2847 monens
794 2784 860 2846 cito
876 2783 1055 2865 discedere,
1072 2812 1113 2853 ne
1127 2792 1230 2856 homi·

271 2908 346 2949 nem
368 2886 487 2949 diutius
510 2885 686 2965 fatigarent.
739 2886 890 2962 Gustant,
917 2897 951 2949 et
977 2910 1053 2951 cum
1078 2891 1231 2956 benedic·

271 2989 358 3051 tione
384 2986 524 3050 hominis
547 2985 610 3049 Dei
635 2986 831 3059 recedentes,
856 2988 986 3051 sanitati
1012 3012 1033 3053 a
1056 2995 1231 3076 quartanis,

273 3090 362 3172 quod
381 3111 423 3152 ex
447 3089 552 3152 verbis
575 3108 683 3149 eorum
706 3087 855 3165 innotuit,
871 3090 960 3153 illico
984 3096 1126 3157 restituti
1148 3106 1231 3158 sunt

276 3194 370 3256 Unus
384 3191 567 3275 principum
593 3204 682 3253 terrae
697 3190 784 3252 illius
805 3191 916 3253 eodem
933 3194 1091 3275 languore
1114 3198 1233 3260 diutius

275 3306 423 3367 rexatus,
453 3291 643 3353 famulorum
681 3291 828 3352 manibus
863 3291 897 3353 in
934 3296 1111 3359 ecclesiam
1148 3297 1232 3360 besti

277 3390 444 3478 Stephani,
474 3393 530 3454 ubi
561 3392 733 3454 Anselmus
763 3390 871 3454 divina
906 3394 1130 3461 celebraturus
1158 3409 1233 3474 erat,

273 3494 425 3558 inductus
446 3505 513 3568 est;
543 3505 576 3555 et
598 3491 709 3555 audita
731 3492 830 3555 missa
857 3514 955 3555 sanus
978 3496 1091 3560 exivit
1137 3498 1233 3562 Unde

274 3605 350 3676 post
364 3615 484 3676 pancos
500 3592 570 3657 dies
593 3594 676 3675 patri
699 3594 816 3675 gratias
831 3592 983 3666 reddidit,
1001 3618 1150 3664 asserens
1166 3622 1201 3664 se
1214 3622 1234 3663 a

275 3695 415 3758 febribus
432 3695 596 3776 quartanis
610 3695 697 3757 illius
712 3693 934 3758 benedictione
952 3711 1110 3763 curatum.
1133 3703 1234 3764 Acce·

273 3795 383 3880 pitque
406 3793 447 3854 ab
477 3813 515 3854 eo
541 3793 651 3854 salutis
682 3797 813 3869 monita,
841 3796 957 3879 quibus
981 3799 1163 3865 instructus
1191 3821 1234 3864 ex

275 3893 472 3965 conscientia
486 3893 655 3955 multorum
673 3894 745 3959 Deo
761 3897 900 3980 dignius,
916 3899 1039 3962 mundo
1054 3904 1189 3983 gratius,
1202 3913 1234 3966 et

278 4001 338 4066 sibi
354 3996 462 4062 utilius
476 3993 567 4058 vixit.

323 4103 387 4166 His
422 4102 485 4163 sere
514 4097 712 4182 temporibus
741 4100 829 4162 eunti
860 4100 1053 4165 Cluniacum
1085 4107 1236 4170 sacerdos

278 4202 411 4288 quidam
423 4199 571 4277 occurrit,
580 4210 694 4281 petens
711 4215 745 4262 ut
760 4221 895 4263 sororem
909 4220 1000 4263 suam
1015 4203 1050 4264 in
1063 4208 1235 4270 amentiam

278 4325 401 4368 versam
423 4303 579 4384 respicere
601 4311 635 4363 et
656 4299 847 4365 benedicere
870 4301 1064 4383 dignaretur.
1118 4309 1163 4370 At
1184 4309 1235 4371 ille

277 4408 364 4469 velut
394 4424 468 4466 aare
499 4401 594 4465 surda
622 4401 812 4484 pertransiit.
868 4404 968 4467 Instat
994 4407 1178 4491 presbyter,
1203 4422 1234 4473 ct
