<?xml version="1.0" encoding="UTF-8"?>
<!DOCTYPE html PUBLIC "-//W3C//DTD XHTML 1.0 Transitional//EN"
    "http://www.w3.org/TR/xhtml1/DTD/xhtml1-transitional.dtd">
<html xmlns="http://www.w3.org/1999/xhtml" xml:lang="en" lang="en">
 <head>
  <title>
</title>
<meta http-equiv="Content-Type" content="text/html;charset=utf-8" />
  <meta name='ocr-system' content='tesseract 3.04.00' />
  <meta name='ocr-capabilities' content='ocr_page ocr_carea ocr_par ocr_line ocrx_word'/>
</head>
<body>
  <div class='ocr_page' id='page_1' title='image "./joannissaresber15johngoog_0331.png"; bbox 0 0 2992 5592; ppageno 0'>
   <div class='ocr_carea' id='block_1_1' title="bbox 446 834 1117 895">
    <p class='ocr_par' dir='ltr' id='par_1_1' title="bbox 446 834 1117 895">
     <span class='ocr_line' id='line_1_1' title="bbox 446 834 1117 895; baseline 0.003 -6"><span class='ocrx_word' id='word_1_1' title='bbox 446 845 523 891; x_wconf 81' lang='lat' dir='ltr'>vrrs</span> <span class='ocrx_word' id='word_1_2' title='bbox 539 845 654 891; x_wconf 80' lang='lat' dir='ltr'>sancrr</span> <span class='ocrx_word' id='word_1_3' title='bbox 670 846 831 891; x_wconf 76' lang='lat' dir='ltr'>susurru.</span> <span class='ocrx_word' id='word_1_4' title='bbox 1054 834 1117 895; x_wconf 79' lang='grc'>817</span> 
     </span>
    </p>
   </div>
   <div class='ocr_carea' id='block_1_2' title="bbox 105 996 1180 4531">
    <p class='ocr_par' dir='ltr' id='par_1_2' title="bbox 105 996 1180 3906">
     <span class='ocr_line' id='line_1_2' title="bbox 161 996 1116 1083; baseline 0.009 -26"><span class='ocrx_word' id='word_1_5' title='bbox 161 996 201 1057; x_wconf 82' lang='lat' dir='ltr'>ud</span> <span class='ocrx_word' id='word_1_6' title='bbox 213 997 331 1079; x_wconf 83' lang='lat' dir='ltr'>majora</span> <span class='ocrx_word' id='word_1_7' title='bbox 343 1010 474 1062; x_wconf 86' lang='lat' dir='ltr'>vocatus</span> <span class='ocrx_word' id='word_1_8' title='bbox 485 999 588 1077; x_wconf 90' lang='lat' dir='ltr'>suerit,</span> <span class='ocrx_word' id='word_1_9' title='bbox 601 997 717 1062; x_wconf 82' lang='lat' dir='ltr'>divinre</span> <span class='ocrx_word' id='word_1_10' title='bbox 729 998 930 1083; x_wconf 79' lang='lat' dir='ltr'>dispositioni</span> <span class='ocrx_word' id='word_1_11' title='bbox 941 1021 1005 1065; x_wconf 89' lang='lat' dir='ltr'>non</span> <span class='ocrx_word' id='word_1_12' title='bbox 1014 1004 1116 1066; x_wconf 88' lang='lat' dir='ltr'>reluc-</span> 
     </span>
     <span class='ocr_line' id='line_1_3' title="bbox 163 1100 1116 1184; baseline 0.008 -25"><span class='ocrx_word' id='word_1_13' title='bbox 163 1108 254 1160; x_wconf 83' lang='lat' dir='ltr'><strong>tetur.</strong></span> <span class='ocrx_word' id='word_1_14' title='bbox 283 1101 368 1162; x_wconf 91' lang='lat' dir='ltr'>Nam</span> <span class='ocrx_word' id='word_1_15' title='bbox 383 1120 417 1162; x_wconf 89' lang='lat' dir='ltr'>se</span> <span class='ocrx_word' id='word_1_16' title='bbox 433 1102 552 1163; x_wconf 91' lang='lat' dir='ltr'>multos</span> <span class='ocrx_word' id='word_1_17' title='bbox 568 1100 686 1163; x_wconf 86' lang='lat' dir='ltr'>vidisse</span> <span class='ocrx_word' id='word_1_18' title='bbox 701 1112 733 1164; x_wconf 88' lang='lat' dir='ltr'>et</span> <span class='ocrx_word' id='word_1_19' title='bbox 748 1101 813 1163; x_wconf 86' lang='lat' dir='ltr'>sere</span> <span class='ocrx_word' id='word_1_20' title='bbox 829 1121 956 1184; x_wconf 88' lang='lat' dir='ltr'>semper</span> <span class='ocrx_word' id='word_1_21' title='bbox 971 1105 1116 1180; x_wconf 88' lang='lat' dir='ltr'>asseruit,</span> 
     </span>
     <span class='ocr_line' id='line_1_4' title="bbox 160 1199 1116 1288; baseline 0.01 -29"><span class='ocrx_word' id='word_1_22' title='bbox 160 1199 215 1279; x_wconf 92' lang='lat' dir='ltr'>qui</span> <span class='ocrx_word' id='word_1_23' title='bbox 230 1221 327 1283; x_wconf 90' lang='lat' dir='ltr'>quum</span> <span class='ocrx_word' id='word_1_24' title='bbox 343 1202 534 1284; x_wconf 80' lang='lat' dir='ltr'>pastoralem</span> <span class='ocrx_word' id='word_1_25' title='bbox 547 1222 655 1265; x_wconf 81' lang='lat' dir='ltr'>curam</span> <span class='ocrx_word' id='word_1_26' title='bbox 667 1222 734 1263; x_wconf 82' lang='lat' dir='ltr'>suae</span> <span class='ocrx_word' id='word_1_27' title='bbox 750 1203 867 1284; x_wconf 88' lang='lat' dir='ltr'>quietis</span> <span class='ocrx_word' id='word_1_28' title='bbox 882 1224 978 1268; x_wconf 89' lang='lat' dir='ltr'>causa</span> <span class='ocrx_word' id='word_1_29' title='bbox 993 1206 1116 1288; x_wconf 86' lang='lat' dir='ltr'>resuge-</span> 
     </span>
     <span class='ocr_line' id='line_1_5' title="bbox 159 1304 1116 1393; baseline 0.009 -29"><span class='ocrx_word' id='word_1_30' title='bbox 159 1313 238 1381; x_wconf 89' lang='lat' dir='ltr'>rent,</span> <span class='ocrx_word' id='word_1_31' title='bbox 250 1326 307 1387; x_wconf 90' lang='lat' dir='ltr'>per</span> <span class='ocrx_word' id='word_1_32' title='bbox 317 1304 473 1368; x_wconf 83' lang='lat' dir='ltr'>desidiam</span> <span class='ocrx_word' id='word_1_33' title='bbox 486 1307 686 1369; x_wconf 83' lang='lat' dir='ltr'>ambulantes</span> <span class='ocrx_word' id='word_1_34' title='bbox 697 1304 737 1367; x_wconf 92' lang='lat' dir='ltr'>de</span> <span class='ocrx_word' id='word_1_35' title='bbox 748 1307 834 1368; x_wconf 86' lang='lat' dir='ltr'>malo</span> <span class='ocrx_word' id='word_1_36' title='bbox 847 1327 972 1390; x_wconf 88' lang='lat' dir='ltr'>semper</span> <span class='ocrx_word' id='word_1_37' title='bbox 980 1309 1013 1371; x_wconf 90' lang='lat' dir='ltr'>iu</span> <span class='ocrx_word' id='word_1_38' title='bbox 1023 1310 1116 1393; x_wconf 86' lang='lat' dir='ltr'>pejus</span> 
     </span>
     <span class='ocr_line' id='line_1_6' title="bbox 158 1403 1117 1489; baseline 0.009 -24"><span class='ocrx_word' id='word_1_39' title='bbox 158 1403 353 1469; x_wconf 86' lang='lat' dir='ltr'>defecerunt.</span> <span class='ocrx_word' id='word_1_40' title='bbox 391 1408 501 1470; x_wconf 87' lang='lat' dir='ltr'>Paruit</span> <span class='ocrx_word' id='word_1_41' title='bbox 525 1408 698 1469; x_wconf 87' lang='lat' dir='ltr'>Anselmus</span> <span class='ocrx_word' id='word_1_42' title='bbox 724 1408 823 1471; x_wconf 87' lang='lat' dir='ltr'>tristis</span> <span class='ocrx_word' id='word_1_43' title='bbox 849 1420 881 1471; x_wconf 91' lang='lat' dir='ltr'>et</span> <span class='ocrx_word' id='word_1_44' title='bbox 903 1429 1051 1489; x_wconf 84' lang='lat' dir='ltr'>gemens3</span> <span class='ocrx_word' id='word_1_45' title='bbox 1085 1422 1117 1474; x_wconf 89' lang='lat' dir='ltr'>et</span> 
     </span>
     <span class='ocr_line' id='line_1_7' title="bbox 158 1506 1116 1588; baseline 0.006 -18"><span class='ocrx_word' id='word_1_46' title='bbox 158 1506 231 1570; x_wconf 89' lang='lat' dir='ltr'>Deo</span> <span class='ocrx_word' id='word_1_47' title='bbox 253 1530 287 1571; x_wconf 88' lang='lat' dir='ltr'>se</span> <span class='ocrx_word' id='word_1_48' title='bbox 311 1520 411 1572; x_wconf 91' lang='lat' dir='ltr'>totum</span> <span class='ocrx_word' id='word_1_49' title='bbox 438 1511 650 1588; x_wconf 89' lang='lat' dir='ltr'>committens,</span> <span class='ocrx_word' id='word_1_50' title='bbox 674 1511 804 1573; x_wconf 78' lang='lat' dir='ltr'>utilitati</span> <span class='ocrx_word' id='word_1_51' title='bbox 830 1511 959 1574; x_wconf 82' lang='lat' dir='ltr'>fratrum</span> <span class='ocrx_word' id='word_1_52' title='bbox 986 1514 1116 1576; x_wconf 92' lang='lat' dir='ltr'>omnino</span> 
     </span>
     <span class='ocr_line' id='line_1_8' title="bbox 157 1609 1115 1695; baseline 0.007 -24"><span class='ocrx_word' id='word_1_53' title='bbox 157 1609 281 1672; x_wconf 88' lang='lat' dir='ltr'>studuit</span> <span class='ocrx_word' id='word_1_54' title='bbox 294 1611 456 1674; x_wconf 86' lang='lat' dir='ltr'>inservire.</span> <span class='ocrx_word' id='word_1_55' title='bbox 490 1612 584 1674; x_wconf 84' lang='lat' dir='ltr'>Licet</span> <span class='ocrx_word' id='word_1_56' title='bbox 602 1622 708 1674; x_wconf 83' lang='lat' dir='ltr'>sutem</span> <span class='ocrx_word' id='word_1_57' title='bbox 730 1613 880 1676; x_wconf 89' lang='lat' dir='ltr'>omnibus</span> <span class='ocrx_word' id='word_1_58' title='bbox 898 1614 1043 1695; x_wconf 90' lang='lat' dir='ltr'>obsequi,</span> <span class='ocrx_word' id='word_1_59' title='bbox 1058 1636 1115 1679; x_wconf 92' lang='lat' dir='ltr'>ne·</span> 
     </span>
     <span class='ocr_line' id='line_1_9' title="bbox 159 1707 1114 1797; baseline 0.009 -25"><span class='ocrx_word' id='word_1_60' title='bbox 159 1712 278 1774; x_wconf 85' lang='lat' dir='ltr'>minem</span> <span class='ocrx_word' id='word_1_61' title='bbox 306 1707 451 1792; x_wconf 85' lang='lat' dir='ltr'>[laedere]</span> <span class='ocrx_word' id='word_1_62' title='bbox 482 1713 634 1794; x_wconf 80' lang='lat' dir='ltr'>gestiens,</span> <span class='ocrx_word' id='word_1_63' title='bbox 660 1713 755 1777; x_wconf 87' lang='lat' dir='ltr'>etiam</span> <span class='ocrx_word' id='word_1_64' title='bbox 782 1735 855 1778; x_wconf 93' lang='lat' dir='ltr'>cum</span> <span class='ocrx_word' id='word_1_65' title='bbox 882 1713 933 1777; x_wconf 90' lang='lat' dir='ltr'>bis</span> <span class='ocrx_word' id='word_1_66' title='bbox 959 1716 1015 1797; x_wconf 92' lang='lat' dir='ltr'>qui</span> <span class='ocrx_word' id='word_1_67' title='bbox 1041 1738 1114 1781; x_wconf 91' lang='lat' dir='ltr'>eum</span> 
     </span>
     <span class='ocr_line' id='line_1_10' title="bbox 157 1813 1115 1900; baseline 0.008 -25"><span class='ocrx_word' id='word_1_68' title='bbox 157 1813 293 1878; x_wconf 86' lang='lat' dir='ltr'>oderant</span> <span class='ocrx_word' id='word_1_69' title='bbox 314 1824 399 1877; x_wconf 88' lang='lat' dir='ltr'>esset</span> <span class='ocrx_word' id='word_1_70' title='bbox 420 1815 596 1898; x_wconf 86' lang='lat' dir='ltr'>pacificus3</span> <span class='ocrx_word' id='word_1_71' title='bbox 628 1815 780 1878; x_wconf 85' lang='lat' dir='ltr'>invidiam</span> <span class='ocrx_word' id='word_1_72' title='bbox 804 1827 924 1894; x_wconf 82' lang='lat' dir='ltr'>temen,</span> <span class='ocrx_word' id='word_1_73' title='bbox 946 1838 1043 1900; x_wconf 81' lang='lat' dir='ltr'>quem</span> <span class='ocrx_word' id='word_1_74' title='bbox 1060 1830 1115 1883; x_wconf 90' lang='lat' dir='ltr'>aut</span> 
     </span>
     <span class='ocr_line' id='line_1_11' title="bbox 158 1915 1113 2011; baseline 0.01 -38"><span class='ocrx_word' id='word_1_75' title='bbox 158 1915 258 1979; x_wconf 82' lang='lat' dir='ltr'>virtus</span> <span class='ocrx_word' id='word_1_76' title='bbox 269 1927 325 1980; x_wconf 89' lang='lat' dir='ltr'>aut</span> <span class='ocrx_word' id='word_1_77' title='bbox 339 1917 475 1979; x_wconf 78' lang='lat' dir='ltr'>felicitas</span> <span class='ocrx_word' id='word_1_78' title='bbox 489 1928 544 1981; x_wconf 90' lang='lat' dir='ltr'>aut</span> <span class='ocrx_word' id='word_1_79' title='bbox 558 1916 670 1980; x_wconf 88' lang='lat' dir='ltr'>borum</span> <span class='ocrx_word' id='word_1_80' title='bbox 687 1917 800 2000; x_wconf 91' lang='lat' dir='ltr'>opinio</span> <span class='ocrx_word' id='word_1_81' title='bbox 815 1938 943 2001; x_wconf 85' lang='lat' dir='ltr'>semper</span> <span class='ocrx_word' id='word_1_82' title='bbox 954 1919 1113 2011; x_wconf 71' lang='lat' dir='ltr'>accendit,</span> 
     </span>
     <span class='ocr_line' id='line_1_12' title="bbox 157 2017 1180 2103; baseline 0.008 -25"><span class='ocrx_word' id='word_1_83' title='bbox 157 2037 219 2079; x_wconf 91' lang='lat' dir='ltr'>non</span> <span class='ocrx_word' id='word_1_84' title='bbox 244 2020 349 2100; x_wconf 87' lang='lat' dir='ltr'>potuit</span> <span class='ocrx_word' id='word_1_85' title='bbox 373 2017 543 2082; x_wconf 83' lang='lat' dir='ltr'>declinare.</span> <span class='ocrx_word' id='word_1_86' title='bbox 588 2020 673 2082; x_wconf 91' lang='lat' dir='ltr'>Nam</span> <span class='ocrx_word' id='word_1_87' title='bbox 697 2020 753 2102; x_wconf 91' lang='lat' dir='ltr'>qui</span> <span class='ocrx_word' id='word_1_88' title='bbox 779 2040 851 2082; x_wconf 91' lang='lat' dir='ltr'>eum</span> <span class='ocrx_word' id='word_1_89' title='bbox 874 2034 1114 2103; x_wconf 65' lang='lat' dir='ltr'>praecesseraut,</span> <span class='ocrx_word' id='word_1_90' title='bbox 1176 2074 1180 2079; x_wconf 92' lang='lat'>.</span> 
     </span>
     <span class='ocr_line' id='line_1_13' title="bbox 156 2119 1113 2204; baseline 0.005 -24"><span class='ocrx_word' id='word_1_91' title='bbox 156 2119 317 2182; x_wconf 84' lang='lat' dir='ltr'>novicium</span> <span class='ocrx_word' id='word_1_92' title='bbox 333 2121 396 2183; x_wconf 89' lang='lat' dir='ltr'>sibi</span> <span class='ocrx_word' id='word_1_93' title='bbox 411 2121 549 2204; x_wconf 77' lang='lat' dir='ltr'>prasenti</span> <span class='ocrx_word' id='word_1_94' title='bbox 564 2122 813 2184; x_wconf 87' lang='lat' dir='ltr'>murmurabant.</span> <span class='ocrx_word' id='word_1_95' title='bbox 860 2123 1004 2193; x_wconf 92' lang='lat' dir='ltr'>Quorum</span> <span class='ocrx_word' id='word_1_96' title='bbox 1020 2144 1113 2198; x_wconf 88' lang='lat' dir='ltr'>unus,</span> 
     </span>
     <span class='ocr_line' id='line_1_14' title="bbox 157 2221 1113 2309; baseline 0.007 -27"><span class='ocrx_word' id='word_1_97' title='bbox 157 2221 212 2304; x_wconf 92' lang='lat' dir='ltr'>qui</span> <span class='ocrx_word' id='word_1_98' title='bbox 226 2222 314 2284; x_wconf 91' lang='lat' dir='ltr'>nullo</span> <span class='ocrx_word' id='word_1_99' title='bbox 336 2232 461 2305; x_wconf 84' lang='lat' dir='ltr'>poterat</span> <span class='ocrx_word' id='word_1_100' title='bbox 477 2222 634 2305; x_wconf 88' lang='lat' dir='ltr'>obsequio</span> <span class='ocrx_word' id='word_1_101' title='bbox 654 2223 804 2303; x_wconf 87' lang='lat' dir='ltr'>mitigari,</span> <span class='ocrx_word' id='word_1_102' title='bbox 819 2222 861 2285; x_wconf 87' lang='lat' dir='ltr'>ad</span> <span class='ocrx_word' id='word_1_103' title='bbox 881 2237 1025 2288; x_wconf 80' lang='lat' dir='ltr'>extrema</span> <span class='ocrx_word' id='word_1_104' title='bbox 1041 2246 1113 2309; x_wconf 90' lang='lat' dir='ltr'>per·</span> 
     </span>
     <span class='ocr_line' id='line_1_15' title="bbox 157 2320 1112 2407; baseline 0.005 -23"><span class='ocrx_word' id='word_1_105' title='bbox 157 2320 272 2385; x_wconf 90' lang='lat' dir='ltr'>ductus</span> <span class='ocrx_word' id='word_1_106' title='bbox 294 2334 352 2387; x_wconf 89' lang='lat' dir='ltr'>est.</span> <span class='ocrx_word' id='word_1_107' title='bbox 407 2323 457 2385; x_wconf 93' lang='lat' dir='ltr'>lbi</span> <span class='ocrx_word' id='word_1_108' title='bbox 479 2343 589 2405; x_wconf 88' lang='lat' dir='ltr'>agens,</span> <span class='ocrx_word' id='word_1_109' title='bbox 612 2325 729 2407; x_wconf 87' lang='lat' dir='ltr'>pallere</span> <span class='ocrx_word' id='word_1_110' title='bbox 758 2335 790 2387; x_wconf 92' lang='lat' dir='ltr'>et</span> <span class='ocrx_word' id='word_1_111' title='bbox 816 2337 948 2390; x_wconf 89' lang='lat' dir='ltr'>tremere</span> <span class='ocrx_word' id='word_1_112' title='bbox 974 2336 1007 2389; x_wconf 91' lang='lat' dir='ltr'>et</span> <span class='ocrx_word' id='word_1_113' title='bbox 1033 2327 1112 2389; x_wconf 90' lang='lat' dir='ltr'>miro</span> 
     </span>
     <span class='ocr_line' id='line_1_16' title="bbox 156 2423 1110 2510; baseline 0.006 -23"><span class='ocrx_word' id='word_1_114' title='bbox 156 2423 251 2487; x_wconf 90' lang='lat' dir='ltr'>modo</span> <span class='ocrx_word' id='word_1_115' title='bbox 266 2424 457 2488; x_wconf 84' lang='lat' dir='ltr'>delitescens</span> <span class='ocrx_word' id='word_1_116' title='bbox 473 2427 595 2489; x_wconf 85' lang='lat' dir='ltr'>vultum</span> <span class='ocrx_word' id='word_1_117' title='bbox 610 2427 712 2510; x_wconf 85' lang='lat' dir='ltr'>coepit</span> <span class='ocrx_word' id='word_1_118' title='bbox 725 2428 760 2489; x_wconf 92' lang='lat' dir='ltr'>in</span> <span class='ocrx_word' id='word_1_119' title='bbox 776 2426 900 2492; x_wconf 84' lang='lat' dir='ltr'>diversa</span> <span class='ocrx_word' id='word_1_120' title='bbox 914 2441 1046 2493; x_wconf 88' lang='lat' dir='ltr'>mutare.</span> <span class='ocrx_word' id='word_1_121' title='bbox 1082 2431 1110 2492; x_wconf 82' lang='lat' dir='ltr'>A</span> 
     </span>
     <span class='ocr_line' id='line_1_17' title="bbox 156 2526 1113 2614; baseline 0.007 -27"><span class='ocrx_word' id='word_1_122' title='bbox 156 2526 302 2589; x_wconf 86' lang='lat' dir='ltr'>fratribus</span> <span class='ocrx_word' id='word_1_123' title='bbox 314 2548 442 2591; x_wconf 84' lang='lat' dir='ltr'>causam</span> <span class='ocrx_word' id='word_1_124' title='bbox 458 2528 737 2610; x_wconf 62' lang='lat' dir='ltr'>interrogaueris</span> <span class='ocrx_word' id='word_1_125' title='bbox 751 2529 832 2592; x_wconf 88' lang='lat' dir='ltr'>duos</span> <span class='ocrx_word' id='word_1_126' title='bbox 847 2531 1004 2592; x_wconf 87' lang='lat' dir='ltr'>immanes</span> <span class='ocrx_word' id='word_1_127' title='bbox 1018 2532 1113 2614; x_wconf 88' lang='lat' dir='ltr'>lupos</span> 
     </span>
     <span class='ocr_line' id='line_1_18' title="bbox 156 2628 1113 2713; baseline 0.005 -23"><span class='ocrx_word' id='word_1_128' title='bbox 156 2629 261 2710; x_wconf 88' lang='lat' dir='ltr'>ipsum</span> <span class='ocrx_word' id='word_1_129' title='bbox 282 2629 349 2713; x_wconf 90' lang='lat' dir='ltr'>jam</span> <span class='ocrx_word' id='word_1_130' title='bbox 372 2629 565 2712; x_wconf 85' lang='lat' dir='ltr'>compressis</span> <span class='ocrx_word' id='word_1_131' title='bbox 591 2628 741 2692; x_wconf 86' lang='lat' dir='ltr'>dentibus</span> <span class='ocrx_word' id='word_1_132' title='bbox 759 2630 920 2713; x_wconf 85' lang='lat' dir='ltr'>jugulare.</span> <span class='ocrx_word' id='word_1_133' title='bbox 965 2631 1113 2695; x_wconf 83' lang='lat' dir='ltr'>Refertur</span> 
     </span>
     <span class='ocr_line' id='line_1_19' title="bbox 154 2729 1112 2815; baseline 0.002 -23"><span class='ocrx_word' id='word_1_134' title='bbox 154 2731 216 2793; x_wconf 92' lang='lat' dir='ltr'>hoc</span> <span class='ocrx_word' id='word_1_135' title='bbox 232 2730 274 2794; x_wconf 83' lang='lat' dir='ltr'>ad</span> <span class='ocrx_word' id='word_1_136' title='bbox 288 2732 444 2815; x_wconf 91' lang='lat' dir='ltr'>priorem;</span> <span class='ocrx_word' id='word_1_137' title='bbox 466 2730 522 2812; x_wconf 93' lang='lat' dir='ltr'>qui</span> <span class='ocrx_word' id='word_1_138' title='bbox 537 2730 702 2812; x_wconf 85' lang='lat' dir='ltr'>paululum</span> <span class='ocrx_word' id='word_1_139' title='bbox 719 2729 879 2792; x_wconf 86' lang='lat' dir='ltr'>divertens</span> <span class='ocrx_word' id='word_1_140' title='bbox 894 2731 926 2792; x_wconf 92' lang='lat' dir='ltr'>in</span> <span class='ocrx_word' id='word_1_141' title='bbox 941 2731 1112 2794; x_wconf 90' lang='lat' dir='ltr'>oratorium</span> 
     </span>
     <span class='ocr_line' id='line_1_20' title="bbox 155 2826 1112 2907; baseline -0.001 -13"><span class='ocrx_word' id='word_1_142' title='bbox 155 2844 353 2906; x_wconf 87' lang='lat' dir='ltr'>consuetum,</span> <span class='ocrx_word' id='word_1_143' title='bbox 375 2828 470 2893; x_wconf 87' lang='lat' dir='ltr'>rediit</span> <span class='ocrx_word' id='word_1_144' title='bbox 495 2828 530 2889; x_wconf 92' lang='lat' dir='ltr'>in</span> <span class='ocrx_word' id='word_1_145' title='bbox 557 2826 688 2890; x_wconf 91' lang='lat' dir='ltr'>domum</span> <span class='ocrx_word' id='word_1_146' title='bbox 714 2827 925 2907; x_wconf 89' lang='lat' dir='ltr'>infirmorum,</span> <span class='ocrx_word' id='word_1_147' title='bbox 947 2839 980 2892; x_wconf 91' lang='lat' dir='ltr'>et</span> <span class='ocrx_word' id='word_1_148' title='bbox 1005 2840 1112 2894; x_wconf 86' lang='lat' dir='ltr'>erecta</span> 
     </span>
     <span class='ocr_line' id='line_1_21' title="bbox 155 2926 1113 3012; baseline 0 -20"><span class='ocrx_word' id='word_1_149' title='bbox 155 2953 251 2994; x_wconf 86' lang='lat' dir='ltr'>manu</span> <span class='ocrx_word' id='word_1_150' title='bbox 262 2931 389 3012; x_wconf 90' lang='lat' dir='ltr'>signum</span> <span class='ocrx_word' id='word_1_151' title='bbox 405 2937 524 2991; x_wconf 76' lang='lat' dir='ltr'>sanctie</span> <span class='ocrx_word' id='word_1_152' title='bbox 536 2927 641 2990; x_wconf 90' lang='lat' dir='ltr'>crucis</span> <span class='ocrx_word' id='word_1_153' title='bbox 653 2926 768 3005; x_wconf 90' lang='lat' dir='ltr'>edidit,</span> <span class='ocrx_word' id='word_1_154' title='bbox 779 2927 904 2991; x_wconf 86' lang='lat' dir='ltr'>dicens:</span> <span class='ocrx_word' id='word_1_155' title='bbox 927 2926 973 2990; x_wconf 82' lang='lat' dir='ltr'>In</span> <span class='ocrx_word' id='word_1_156' title='bbox 984 2930 1113 2993; x_wconf 82' lang='lat' dir='ltr'>nomine</span> 
     </span>
     <span class='ocr_line' id='line_1_22' title="bbox 154 3028 1112 3115; baseline -0.003 -18"><span class='ocrx_word' id='word_1_157' title='bbox 154 3034 268 3097; x_wconf 80' lang='lat' dir='ltr'>Patris</span> <span class='ocrx_word' id='word_1_158' title='bbox 281 3038 312 3093; x_wconf 89' lang='lat' dir='ltr'>et</span> <span class='ocrx_word' id='word_1_159' title='bbox 327 3031 409 3092; x_wconf 80' lang='lat' dir='ltr'>Filii</span> <span class='ocrx_word' id='word_1_160' title='bbox 422 3034 454 3091; x_wconf 85' lang='lat' dir='ltr'>et</span> <span class='ocrx_word' id='word_1_161' title='bbox 468 3028 617 3109; x_wconf 80' lang='lat' dir='ltr'>Spiritus</span> <span class='ocrx_word' id='word_1_162' title='bbox 631 3028 758 3093; x_wconf 81' lang='lat' dir='ltr'>Sancti.</span> <span class='ocrx_word' id='word_1_163' title='bbox 788 3030 862 3102; x_wconf 86' lang='lat' dir='ltr'>Quo</span> <span class='ocrx_word' id='word_1_164' title='bbox 877 3029 973 3109; x_wconf 85' lang='lat' dir='ltr'>sacro,</span> <span class='ocrx_word' id='word_1_165' title='bbox 988 3030 1112 3115; x_wconf 90' lang='lat' dir='ltr'>quievit</span> 
     </span>
     <span class='ocr_line' id='line_1_23' title="bbox 153 3129 1111 3217; baseline -0.003 -18"><span class='ocrx_word' id='word_1_166' title='bbox 153 3155 237 3217; x_wconf 73' lang='lat' dir='ltr'>[eger</span> <span class='ocrx_word' id='word_1_167' title='bbox 263 3133 387 3210; x_wconf 90' lang='lat' dir='ltr'>dicens,</span> <span class='ocrx_word' id='word_1_168' title='bbox 408 3131 496 3213; x_wconf 93' lang='lat' dir='ltr'>quod</span> <span class='ocrx_word' id='word_1_169' title='bbox 519 3129 560 3193; x_wconf 89' lang='lat' dir='ltr'>ad</span> <span class='ocrx_word' id='word_1_170' title='bbox 585 3131 748 3194; x_wconf 86' lang='lat' dir='ltr'>introitum</span> <span class='ocrx_word' id='word_1_171' title='bbox 771 3132 918 3194; x_wconf 86' lang='lat' dir='ltr'>Anselmi</span> <span class='ocrx_word' id='word_1_172' title='bbox 942 3144 975 3194; x_wconf 90' lang='lat' dir='ltr'>et</span> <span class='ocrx_word' id='word_1_173' title='bbox 997 3152 1111 3196; x_wconf 89' lang='lat' dir='ltr'>manus</span> 
     </span>
     <span class='ocr_line' id='line_1_24' title="bbox 153 3230 1110 3316; baseline -0.003 -17"><span class='ocrx_word' id='word_1_174' title='bbox 153 3235 347 3299; x_wconf 84' lang='lat' dir='ltr'>erectionem</span> <span class='ocrx_word' id='word_1_175' title='bbox 371 3236 515 3297; x_wconf 89' lang='lat' dir='ltr'>lanceam</span> <span class='ocrx_word' id='word_1_176' title='bbox 542 3230 657 3294; x_wconf 86' lang='lat' dir='ltr'>viderit</span> <span class='ocrx_word' id='word_1_177' title='bbox 683 3233 811 3313; x_wconf 87' lang='lat' dir='ltr'>igneam</span> <span class='ocrx_word' id='word_1_178' title='bbox 836 3253 879 3295; x_wconf 83' lang='lat' dir='ltr'>ex</span> <span class='ocrx_word' id='word_1_179' title='bbox 905 3253 959 3295; x_wconf 87' lang='lat' dir='ltr'>ore</span> <span class='ocrx_word' id='word_1_180' title='bbox 984 3231 1054 3316; x_wconf 88' lang='lat' dir='ltr'>ejus</span> <span class='ocrx_word' id='word_1_181' title='bbox 1077 3235 1110 3296; x_wconf 92' lang='lat' dir='ltr'>in</span> 
     </span>
     <span class='ocr_line' id='line_1_25' title="bbox 153 3332 1110 3420; baseline -0.002 -21"><span class='ocrx_word' id='word_1_182' title='bbox 153 3338 249 3420; x_wconf 90' lang='lat' dir='ltr'>lupos</span> <span class='ocrx_word' id='word_1_183' title='bbox 257 3333 395 3418; x_wconf 84' lang='lat' dir='ltr'>jaculari</span> <span class='ocrx_word' id='word_1_184' title='bbox 405 3357 414 3410; x_wconf 91' lang='lat'>;</span> <span class='ocrx_word' id='word_1_185' title='bbox 440 3353 513 3415; x_wconf 84' lang='lat' dir='ltr'>quae</span> <span class='ocrx_word' id='word_1_186' title='bbox 532 3332 655 3394; x_wconf 89' lang='lat' dir='ltr'>territos</span> <span class='ocrx_word' id='word_1_187' title='bbox 673 3333 770 3395; x_wconf 85' lang='lat' dir='ltr'>celeri</span> <span class='ocrx_word' id='word_1_188' title='bbox 791 3333 867 3413; x_wconf 87' lang='lat' dir='ltr'>suga</span> <span class='ocrx_word' id='word_1_189' title='bbox 883 3333 977 3415; x_wconf 90' lang='lat' dir='ltr'>lupos</span> <span class='ocrx_word' id='word_1_190' title='bbox 991 3332 1110 3413; x_wconf 79' lang='lat' dir='ltr'>abegit.</span> 
     </span>
     <span class='ocr_line' id='line_1_26' title="bbox 153 3432 1110 3517; baseline -0.004 -17"><span class='ocrx_word' id='word_1_191' title='bbox 153 3438 302 3501; x_wconf 88' lang='lat' dir='ltr'>Accessit</span> <span class='ocrx_word' id='word_1_192' title='bbox 322 3434 364 3498; x_wconf 87' lang='lat' dir='ltr'>ad</span> <span class='ocrx_word' id='word_1_193' title='bbox 384 3455 505 3515; x_wconf 86' lang='lat' dir='ltr'>aegrum</span> <span class='ocrx_word' id='word_1_194' title='bbox 527 3433 671 3496; x_wconf 82' lang='lat' dir='ltr'>minister</span> <span class='ocrx_word' id='word_1_195' title='bbox 689 3434 775 3496; x_wconf 92' lang='lat' dir='ltr'>illius</span> <span class='ocrx_word' id='word_1_196' title='bbox 797 3433 945 3516; x_wconf 87' lang='lat' dir='ltr'>Spiritus,</span> <span class='ocrx_word' id='word_1_197' title='bbox 960 3432 1016 3516; x_wconf 86' lang='lat' dir='ltr'>qui</span> <span class='ocrx_word' id='word_1_198' title='bbox 1033 3454 1110 3517; x_wconf 79' lang='lat' dir='ltr'>apo·</span> 
     </span>
     <span class='ocr_line' id='line_1_27' title="bbox 105 3531 1110 3616; baseline -0.002 -16"><span class='ocrx_word' id='word_1_199' title='bbox 105 3578 109 3582; x_wconf 87' lang='lat'>·</span> <span class='ocrx_word' id='word_1_200' title='bbox 152 3537 243 3600; x_wconf 89' lang='lat' dir='ltr'>stolis</span> <span class='ocrx_word' id='word_1_201' title='bbox 257 3535 350 3599; x_wconf 84' lang='lat' dir='ltr'>datus</span> <span class='ocrx_word' id='word_1_202' title='bbox 366 3546 414 3597; x_wconf 89' lang='lat' dir='ltr'>est</span> <span class='ocrx_word' id='word_1_203' title='bbox 428 3534 460 3595; x_wconf 91' lang='lat' dir='ltr'>in</span> <span class='ocrx_word' id='word_1_204' title='bbox 477 3532 594 3612; x_wconf 89' lang='lat' dir='ltr'>linguis</span> <span class='ocrx_word' id='word_1_205' title='bbox 609 3531 733 3613; x_wconf 84' lang='lat' dir='ltr'>igneis3</span> <span class='ocrx_word' id='word_1_206' title='bbox 761 3547 794 3597; x_wconf 89' lang='lat' dir='ltr'>et</span> <span class='ocrx_word' id='word_1_207' title='bbox 808 3534 935 3597; x_wconf 84' lang='lat' dir='ltr'>fratrem</span> <span class='ocrx_word' id='word_1_208' title='bbox 950 3533 992 3596; x_wconf 89' lang='lat' dir='ltr'>ad</span> <span class='ocrx_word' id='word_1_209' title='bbox 1007 3536 1110 3616; x_wconf 84' lang='lat' dir='ltr'>poeui·</span> 
     </span>
     <span class='ocr_line' id='line_1_28' title="bbox 150 3634 1108 3720; baseline 0 -20"><span class='ocrx_word' id='word_1_210' title='bbox 150 3639 284 3701; x_wconf 83' lang='lat' dir='ltr'>tentiam</span> <span class='ocrx_word' id='word_1_211' title='bbox 314 3644 347 3699; x_wconf 90' lang='lat' dir='ltr'>et</span> <span class='ocrx_word' id='word_1_212' title='bbox 376 3634 610 3698; x_wconf 86' lang='lat' dir='ltr'>confessionem</span> <span class='ocrx_word' id='word_1_213' title='bbox 640 3634 808 3699; x_wconf 89' lang='lat' dir='ltr'>inductum</span> <span class='ocrx_word' id='word_1_214' title='bbox 839 3635 994 3714; x_wconf 81' lang='lat' dir='ltr'>absolvit3</span> <span class='ocrx_word' id='word_1_215' title='bbox 1027 3657 1108 3720; x_wconf 87' lang='lat' dir='ltr'>prre·</span> 
     </span>
     <span class='ocr_line' id='line_1_29' title="bbox 152 3735 1110 3822; baseline 0 -20"><span class='ocrx_word' id='word_1_216' title='bbox 152 3741 265 3803; x_wconf 89' lang='lat' dir='ltr'>dicens</span> <span class='ocrx_word' id='word_1_217' title='bbox 287 3735 423 3822; x_wconf 86' lang='lat' dir='ltr'>quadarn</span> <span class='ocrx_word' id='word_1_218' title='bbox 439 3735 654 3819; x_wconf 86' lang='lat' dir='ltr'>prophetandi</span> <span class='ocrx_word' id='word_1_219' title='bbox 676 3736 787 3800; x_wconf 81' lang='lat' dir='ltr'>virtute</span> <span class='ocrx_word' id='word_1_220' title='bbox 801 3737 897 3801; x_wconf 88' lang='lat' dir='ltr'>ctiam</span> <span class='ocrx_word' id='word_1_221' title='bbox 919 3736 1110 3822; x_wconf 78' lang='lat' dir='ltr'>horamque</span> 
     </span>
     <span class='ocr_line' id='line_1_30' title="bbox 151 3842 431 3906; baseline -0.021 0"><span class='ocrx_word' id='word_1_222' title='bbox 151 3853 219 3906; x_wconf 87' lang='lat' dir='ltr'>erat</span> <span class='ocrx_word' id='word_1_223' title='bbox 234 3842 431 3904; x_wconf 79' lang='lat' dir='ltr'>transiturus.</span> 
     </span>
    </p>

    <p class='ocr_par' dir='ltr' id='par_1_3' title="bbox 150 3938 1109 4531">
     <span class='ocr_line' id='line_1_31' title="bbox 197 3938 1109 4024; baseline -0.003 -17"><span class='ocrx_word' id='word_1_224' title='bbox 197 3946 273 4007; x_wconf 86' lang='lat' dir='ltr'>Una</span> <span class='ocrx_word' id='word_1_225' title='bbox 283 3964 357 4005; x_wconf 81' lang='lat' dir='ltr'>vero</span> <span class='ocrx_word' id='word_1_226' title='bbox 369 3941 524 4016; x_wconf 90' lang='lat' dir='ltr'>noctium,</span> <span class='ocrx_word' id='word_1_227' title='bbox 535 3961 634 4024; x_wconf 90' lang='lat' dir='ltr'>quum</span> <span class='ocrx_word' id='word_1_228' title='bbox 646 3938 795 4003; x_wconf 79' lang='lat' dir='ltr'>liiculsus</span> <span class='ocrx_word' id='word_1_229' title='bbox 806 3941 938 4023; x_wconf 86' lang='lat' dir='ltr'>quidam</span> <span class='ocrx_word' id='word_1_230' title='bbox 948 3943 1109 4006; x_wconf 87' lang='lat' dir='ltr'>secretarii</span> 
     </span>
     <span class='ocr_line' id='line_1_32' title="bbox 152 4041 1109 4125; baseline -0.004 -17"><span class='ocrx_word' id='word_1_231' title='bbox 152 4048 289 4125; x_wconf 86' lang='lat' dir='ltr'>iungens</span> <span class='ocrx_word' id='word_1_232' title='bbox 312 4044 419 4106; x_wconf 90' lang='lat' dir='ltr'>officio</span> <span class='ocrx_word' id='word_1_233' title='bbox 441 4055 513 4105; x_wconf 88' lang='lat' dir='ltr'>ante</span> <span class='ocrx_word' id='word_1_234' title='bbox 536 4042 654 4104; x_wconf 87' lang='lat' dir='ltr'>ostium</span> <span class='ocrx_word' id='word_1_235' title='bbox 677 4041 809 4122; x_wconf 80' lang='lat' dir='ltr'>capituli</span> <span class='ocrx_word' id='word_1_236' title='bbox 824 4042 925 4104; x_wconf 89' lang='lat' dir='ltr'>iturus</span> <span class='ocrx_word' id='word_1_237' title='bbox 939 4043 971 4104; x_wconf 91' lang='lat' dir='ltr'>in</span> <span class='ocrx_word' id='word_1_238' title='bbox 991 4042 1109 4104; x_wconf 86' lang='lat' dir='ltr'>dormi·</span> 
     </span>
     <span class='ocr_line' id='line_1_33' title="bbox 154 4141 1108 4227; baseline -0.002 -19"><span class='ocrx_word' id='word_1_239' title='bbox 154 4147 268 4208; x_wconf 85' lang='lat' dir='ltr'>torium</span> <span class='ocrx_word' id='word_1_240' title='bbox 291 4144 512 4227; x_wconf 81' lang='lat' dir='ltr'>pertransiret3</span> <span class='ocrx_word' id='word_1_241' title='bbox 538 4143 764 4225; x_wconf 85' lang='lat' dir='ltr'>introspiciens</span> <span class='ocrx_word' id='word_1_242' title='bbox 786 4153 928 4204; x_wconf 86' lang='lat' dir='ltr'>orantem</span> <span class='ocrx_word' id='word_1_243' title='bbox 951 4141 1031 4205; x_wconf 82' lang='lat' dir='ltr'>vidit</span> <span class='ocrx_word' id='word_1_244' title='bbox 1047 4143 1108 4206; x_wconf 82' lang='lat' dir='ltr'>fra·</span> 
     </span>
     <span class='ocr_line' id='line_1_34' title="bbox 152 4242 1108 4327; baseline -0.003 -18"><span class='ocrx_word' id='word_1_245' title='bbox 152 4257 231 4309; x_wconf 88' lang='lat' dir='ltr'>trem</span> <span class='ocrx_word' id='word_1_246' title='bbox 247 4245 342 4327; x_wconf 80' lang='lat' dir='ltr'>globo</span> <span class='ocrx_word' id='word_1_247' title='bbox 358 4247 452 4327; x_wconf 88' lang='lat' dir='ltr'>igneo</span> <span class='ocrx_word' id='word_1_248' title='bbox 468 4245 741 4308; x_wconf 88' lang='lat' dir='ltr'>circumcinctum.</span> <span class='ocrx_word' id='word_1_249' title='bbox 778 4242 944 4305; x_wconf 87' lang='lat' dir='ltr'>Attonitus</span> <span class='ocrx_word' id='word_1_250' title='bbox 958 4243 1004 4304; x_wconf 90' lang='lat' dir='ltr'>rei</span> <span class='ocrx_word' id='word_1_251' title='bbox 1018 4243 1108 4306; x_wconf 81' lang='lat' dir='ltr'>nori·</span> 
     </span>
     <span class='ocr_line' id='line_1_35' title="bbox 153 4344 1107 4427; baseline -0.004 -17"><span class='ocrx_word' id='word_1_252' title='bbox 153 4361 217 4411; x_wconf 88' lang='lat' dir='ltr'>tate</span> <span class='ocrx_word' id='word_1_253' title='bbox 234 4346 388 4423; x_wconf 81' lang='lat' dir='ltr'>discedit3</span> <span class='ocrx_word' id='word_1_254' title='bbox 415 4345 474 4409; x_wconf 88' lang='lat' dir='ltr'>scd</span> <span class='ocrx_word' id='word_1_255' title='bbox 489 4348 677 4409; x_wconf 83' lang='lat' dir='ltr'>Anselmum</span> <span class='ocrx_word' id='word_1_256' title='bbox 701 4345 733 4406; x_wconf 93' lang='lat' dir='ltr'>in</span> <span class='ocrx_word' id='word_1_257' title='bbox 750 4345 837 4408; x_wconf 91' lang='lat' dir='ltr'>lecto</span> <span class='ocrx_word' id='word_1_258' title='bbox 855 4344 1025 4427; x_wconf 71' lang='lat' dir='ltr'>quesitum</span> <span class='ocrx_word' id='word_1_259' title='bbox 1041 4365 1107 4408; x_wconf 90' lang='lat' dir='ltr'>nou</span> 
     </span>
     <span class='ocr_line' id='line_1_36' title="bbox 150 4444 1108 4531; baseline 0 -20"><span class='ocrx_word' id='word_1_260' title='bbox 150 4449 278 4531; x_wconf 88' lang='lat' dir='ltr'>reperit.</span> <span class='ocrx_word' id='word_1_261' title='bbox 312 4449 457 4513; x_wconf 86' lang='lat' dir='ltr'>Rediens</span> <span class='ocrx_word' id='word_1_262' title='bbox 479 4467 606 4526; x_wconf 85' lang='lat' dir='ltr'>serrum</span> <span class='ocrx_word' id='word_1_263' title='bbox 632 4445 694 4509; x_wconf 88' lang='lat' dir='ltr'>Dei</span> <span class='ocrx_word' id='word_1_264' title='bbox 715 4456 857 4509; x_wconf 85' lang='lat' dir='ltr'>orantem</span> <span class='ocrx_word' id='word_1_265' title='bbox 881 4446 1019 4525; x_wconf 76' lang='lat' dir='ltr'>insenit3</span> <span class='ocrx_word' id='word_1_266' title='bbox 1049 4444 1108 4511; x_wconf 83' lang='lat' dir='ltr'>sed</span> 
     </span>
    </p>
   </div>
   <div class='ocr_carea' id='block_1_3' title="bbox 0 0 1500 5592">
    <p class='ocr_par' dir='ltr' id='par_1_4' title="bbox 0 0 1500 5592">
     <span class='ocr_line' id='line_1_37' title="bbox 0 0 1500 5592; baseline 0 3"><span class='ocrx_word' id='word_1_267' title='bbox 0 0 1500 5592; x_wconf 95' lang='lat' dir='ltr'> </span> 
     </span>
    </p>
   </div>
  </div>
 </body>
</html>
