2992 5592
638 1083 701 1156 IV.

364 1300 558 1366 JOANNIS
581 1302 972 1367 SARESBERIENSIS

264 1493 332 1566 DE
361 1494 601 1568 MEMBRIS
628 1495 1079 1571 CONSPIRANTIBUS

575 1682 769 1742 CARMEN.

196 2069 391 2132 eoucmun
408 2070 571 2132 celebrant
584 2068 719 2132 humani
734 2069 878 2153 corporis
893 2079 981 2134 artus

285 2168 376 2232 Inter
390 2189 436 2246 se,
452 2168 493 2231 de
508 2189 543 2231 se
558 2168 696 2251 plurime
710 2169 809 2232 verbe
823 2178 945 2232 serunt.
965 2211 969 2217 -

199 2267 323 2333 Incidit
336 2269 370 2332 in
385 2278 528 2333 ventrem
544 2290 659 2344 sermo,
676 2267 715 2332 de
733 2280 842 2333 ventre
858 2281 1032 2352 queruntur

284 2369 380 2442 Quod
396 2369 499 2451 gravis
513 2368 541 2432 is
556 2369 706 2432 dominus
721 2379 754 2433 et
769 2369 866 2434 nimis
880 2381 972 2453 urget
986 2392 1051 2435 eos.

198 2470 345 2534 Tandem
361 2470 537 2534 Rhetorice
551 2471 689 2555 pingens
704 2492 764 2535 sue
777 2472 874 2535 verbe
889 2474 1005 2551 colore,

286 2571 478 2654 Aggreditur
492 2570 603 2635 fratres
617 2572 728 2654 lingue
744 2573 882 2655 superbe
897 2592 983 2635 suos.

198 2672 219 2706 “
235 2671 316 2744 Quis
331 2672 428 2748 furor,
444 2672 473 2735 Ο
488 2672 584 2751 cives,
601 2694 673 2756 quae
688 2680 778 2734 tenta
792 2671 924 2734 lieentia
937 2672 1068 2747 ventris,

288 2773 421 2837 Audeat
436 2784 472 2835 ut
486 2773 582 2836 nobis
597 2791 716 2854 ponere
732 2783 824 2853 turpe
833 2771 970 2853 jugum?

201 2875 309 2958 Turpe
318 2873 434 2958 jugum
451 2883 549 2951 certe,
565 2871 696 2955 quando
711 2870 810 2934 serris
826 2870 1016 2951 dominatur,

287 2976 334 3039 Et
349 2975 500 3038 dominus
515 2962 631 3036 servit:
653 2972 707 3035 hie
718 2972 824 3057 jubet,
838 2971 894 3036 ille
909 2972 995 3037 facit

204 3076 298 3140 Certe
313 3094 375 3137 uos
390 3073 471 3136 servi
486 3082 607 3156 turpes,
621 3071 712 3154 digni
728 3093 835 3150 cruce,
850 3072 981 3136 eunctis

140 3160 146 3168 ⁸
288 3173 488 3250 Ludibrium,
503 3173 622 3250 miseri,
636 3172 877 3258 degeneresque
894 3195 1014 3239 sumus.

201 3278 287 3340 Nem
304 3284 449 3338 ventrem
466 3274 630 3337 dominum
645 3274 742 3338 nobis
756 3275 911 3356 elegimus
925 3275 991 3357 ipsi

288 3375 408 3439 Omnis
423 3375 604 3456 colligimus
620 3397 694 3459 quse
709 3374 772 3439 sibi
787 3384 878 3457 grets
890 3373 1002 3460 putet!

203 3477 302 3541 Nulla
311 3475 402 3560 quies
410 3475 516 3554 nobis,
525 3485 631 3539 movet
640 3475 738 3552 hune,
743 3475 935 3560 jubethuie,
944 3486 1038 3541 vocet
1047 3476 1155 3553 illum;

291 3577 394 3658 Surge
409 3577 511 3661 piger,
527 3596 658 3640 somnos
673 3585 803 3656 excute,
817 3579 893 3641 tolle
908 3599 1014 3642 mores
1023 3600 1033 3655 ;

204 3679 319 3752 Quaere
335 3677 437 3756 cibos,
452 3677 631 3760 epulasque
647 3696 735 3759 pere,
748 3677 925 3762 vinumque
939 3678 1086 3763 propina.

290 3780 441 3843 Mensem
455 3798 552 3861 pone,
566 3775 636 3840 dies
650 3777 799 3860 praeterit,
815 3778 896 3843 hore
909 3779 1003 3861 fugit.

204 3883 295 3947 Ecce
310 3879 376 3944 duo
390 3879 522 3944 veniunt
535 3878 645 3942 hostes
659 3888 861 3964 mortemque
874 3881 1047 3956 minentur,

292 3982 443 4048 Imminet
457 3981 533 4046 inde
548 3980 660 4061 fames,
674 3981 820 4045 imminet
834 3981 910 4045 inde
926 3982 1005 4045 sitis.

205 4087 292 4169 Ergo
307 4084 469 4160 deficiam,
484 4083 548 4147 nisi
564 4083 736 4147 subvenias
752 4083 830 4146 mihi
846 4083 952 4161 velox,

293 4185 536 4270 Praeveniasque
552 4184 678 4264 famem,
692 4185 937 4268 praeveniesque
952 4183 1050 4249 sitim.

208 4288 262 4351 Sic
278 4309 340 4365 me,
355 4287 402 4352 sie
418 4287 499 4352 alios
513 4288 621 4371 pulsat
635 4285 768 4350 lescivin
782 4285 912 4362 ventris,

295 4389 341 4454 Et
353 4409 404 4452 me
419 4390 493 4473 plus
508 4385 578 4453 aliis
592 4388 738 4470 turgidus
752 4387 807 4452 ille
822 4388 948 4472 premit.
