2992 5592
302 795 343 853 72
554 807 693 854 somnis
708 805 982 852 saansnnmnums
1118 784 1202 865 [ara.
1217 804 1253 849 ιι.

303 955 425 1036 audita,
444 956 495 1021 vel
518 956 645 1043 scripta.
690 955 853 1031 Quoniam
874 976 952 1038 ergo
974 952 1095 1037 regulae
1116 953 1256 1018 innotes-

303 1070 391 1136 cunt,
405 1056 540 1122 sollicito
554 1057 711 1135 doctores,
725 1071 758 1122 et
771 1060 828 1144 qui
840 1055 917 1120 nihil
934 1056 1053 1120 nescire
1069 1055 1255 1140 dignantur,

303 1171 340 1223 ut
361 1158 510 1223 deductis
531 1159 684 1244 exemplis
706 1159 873 1236 librorum,
894 1180 944 1221 nte
965 1156 1094 1221 illarum
1121 1156 1255 1220 doceant

303 1280 410 1322 nsum.
457 1262 529 1323 Non
545 1259 627 1323 enim
643 1281 794 1344 magnum
817 1271 865 1322 est
886 1258 926 1332 ei,
942 1259 1000 1343 qui
1021 1269 1122 1321 artem
1144 1255 1255 1320 defini·

300 1358 376 1423 endi
391 1358 499 1441 habet,
513 1359 539 1424 si
553 1359 585 1424 in
600 1359 839 1425 definitionibus
853 1357 976 1445 pridem
999 1355 1139 1442 scriptis,
1154 1356 1253 1419 aliena

302 1457 430 1525 inventa
461 1472 633 1525 recenseat.
680 1458 857 1545 Siquidem,
886 1458 913 1521 si
944 1457 1061 1542 logica
1088 1455 1252 1521 delinitira

302 1574 361 1637 eat,
384 1561 532 1648 eoquod
555 1561 679 1648 aliquas
703 1559 819 1624 habeat
844 1558 1058 1630 definitionest
1082 1571 1115 1622 et
1143 1557 1251 1621 multa·

303 1657 489 1749 disciplinae,
518 1663 595 1750 quis
623 1661 774 1750 pluribus
805 1661 969 1725 abundant
1002 1659 1251 1738 delinitionibus,

302 1763 404 1849 magia
418 1764 592 1830 definitivae
606 1776 711 1828 erunt.
756 1762 972 1848 Indignantur
989 1785 1067 1845 ergo
1086 1760 1162 1846 puri
1183 1759 1251 1846 phi·

303 1863 438 1950 losoplti‚
453 1880 485 1931 et
507 1867 563 1951 qui
582 1865 697 1944 omnia,
711 1878 828 1950 praeter
849 1864 1001 1950 Logicam
1024 1862 1249 1946 dedignantur,

301 1985 394 2048 aeque
409 1965 635 2049 grammaticae,
649 1977 685 2028 ut
703 1963 850 2050 Physicoe
864 1977 1021 2049 expertes,
1033 1977 1067 2027 et
1081 1963 1205 2039 ethim,
1220 1975 1251 2025 et

301 2084 351 2127 me
373 2064 566 2150 impmbum,
588 2064 750 2137 obtusum,
774 2077 805 2128 et
835 2064 1009 2140 caudicem,
1031 2076 1089 2127 aut
1110 2063 1248 2149 lapidem

300 2160 518 2229 criminantur.
565 2162 714 2228 Sufficere
737 2163 820 2227 e'nim
839 2163 1005 2241 debuerat,
1030 2162 1073 2227 ad
1096 2165 1175 2229 artis
1195 2165 1250 2228 tri·

299 2262 414 2349 plicem
449 2262 644 2343 facultatem,
680 2263 766 2350 quod
800 2264 988 2350 praedictum
1019 2279 1077 2330 est.
1123 2265 1248 2352 Urgent

300 2363 394 2427 etiam
411 2363 452 2428 ad
467 2363 654 2429 solutionem
671 2368 834 2451 promissae
850 2366 1012 2432 mercedis.
1044 2368 1140 2445 Quod
1156 2368 1181 2432 si
1196 2391 1249 2431 ex-

299 2464 394 2551 cipio,
409 2467 508 2555 jpxta
531 2462 609 2531 illud
631 2466 784 2542 ethicum,
806 2470 975 2534 mercedem
992 2470 1151 2553 appellor,
1170 2471 1250 2552 quid

299 2571 385 2634 enim
398 2572 487 2634 eeiol
510 2569 670 2633 Continuo
689 2570 854 2656 replicant,
867 2571 966 2655 juxta
985 2571 1134 2649 eundem,
1154 2573 1249 2654 culpo

298 2671 438 2734 docentes
447 2671 565 2734 seilicet
574 2673 739 2752 arguitur,
751 2692 851 2752 quum
861 2675 897 2734 in
906 2674 1250 2755 loeuapnrtemnmilloe

298 2771 349 2833 nil
367 2771 446 2836 sulit
463 2772 623 2837 Arcadico
635 2772 764 2851 juveni.
809 2771 872 2847 Sic,
894 2770 950 2847 sic,
968 2770 1133 2858 inquiunt,
1158 2795 1248 2838 nom

297 2873 411 2935 uolunt
430 2892 550 2951 omnes,
571 2873 741 2937 mercedem
763 2876 882 2938 soluere
905 2895 1013 2938 memo.-
1035 2873 1113 2959 quia
1138 2875 1247 2961 itaque

297 2995 407 3037 vereor
422 2971 662 3059 ingratitudinis
676 2985 796 3049 notam,
812 2974 991 3052 Dotrinam,
1006 2999 1067 3061 pro
1089 2975 1245 3053 doctrina,

296 3074 499 3138 necessariam
517 3096 576 3161 pro
590 3074 793 3150 necessaaria,
805 3073 851 3136 eis
865 3073 1013 3160 rependo.
1044 3073 1244 3161 Regularum

296 3173 389 3238 trado
403 3172 638 3260 compendium,
648 3172 790 3237 indicens
804 3171 859 3249 cis,
870 3185 906 3237 ut
920 3194 1029 3237 earum
1045 3174 1106 3237 sibi
1121 3197 1248 3261 compn-

295 3292 364 3342 rent
388 3297 497 3338 usum:
521 3287 553 3338 et
576 3277 654 3360 quia
673 3287 737 3337 tres
756 3286 840 3338 artes
862 3275 980 3362 accepi,
1001 3297 1120 3362 easque
1143 3276 1247 3353 utiles,

296 3389 361 3437 tres
374 3375 486 3438 itidem
502 3375 611 3450 doceo,
627 3374 682 3438 sed
700 3374 851 3440 utiliores.
896 3376 944 3441 Sit
967 3399 1045 3461 ergo
1064 3378 1171 3463 prima
1190 3378 1246 3446 mi·

295 3473 407 3549 literis,
422 3474 561 3539 secunda
574 3473 781 3554 medicinalis,
798 3481 892 3543 tertia
905 3479 991 3564 juris
1009 3479 1122 3555 civilis,
1138 3495 1170 3545 et
1192 3481 1246 3545 de-

294 3588 465 3650 cretorum,
493 3587 526 3639 et
556 3575 656 3639 totius
684 3575 799 3641 ethice
832 3580 1057 3666 perfectionem
1091 3581 1245 3648 absolvat.

295 3676 455 3752 Quotiens
476 3697 553 3759 ergo
570 3698 642 3740 curn
664 3676 756 3742 hoste
776 3679 1045 3764 congrediendum
1068 3695 1132 3761 est,
1151 3697 1244 3749 caute

292 3777 461 3864 provideas
475 3800 514 3842 ne
529 3791 561 3842 te
576 3775 673 3844 hostis
688 3778 785 3853 laedat
798 3779 830 3843 in
845 3781 967 3867 aliqu03
989 3796 1022 3846 et
1038 3796 1075 3848 tu
1090 3783 1124 3847 in
1141 3786 1244 3871 primo

293 3876 442 3944 conflictu
469 3889 558 3946 totus
583 3878 729 3964 insurgas
755 3878 786 3943 in
810 3903 896 3956 eum,
918 3896 949 3946 et
977 3881 1096 3947 illaesus
1120 3885 1244 3951 vulneri

292 3979 411 4046 vulnus
428 3977 564 4065 infligas,
579 3979 680 4044 donec
703 3979 756 4043 ille
774 3994 832 4044 aut
848 3995 880 4046 te
899 3983 1041 4051 fateatur
1060 4007 1128 4050 ease
1149 3988 1245 4052 ricto·

292 4105 370 4162 rem,
399 4094 455 4145 aut
485 4082 651 4156 exanimis,
679 4081 737 4146 tibi
763 4082 886 4167 judicio
915 4085 1047 4169 publico
1077 4088 1241 4155 victoriam

290 4182 393 4251 cedat.
420 4181 459 4245 In
470 4180 605 4264 Physica
615 4203 689 4243 vero
700 4195 774 4245 ante
785 4183 891 4246 omnia
901 4206 1028 4248 causam
1041 4189 1243 4270 aegritudini·

291 4282 448 4369 praevide;
472 4303 606 4368 eamque
621 4304 709 4358 cura,
724 4296 757 4347 et
778 4305 903 4350 amore:
928 4301 959 4351 et
979 4288 1097 4353 exinde
1118 4292 1240 4357 tamdiu

289 4383 524 4471 reparativiset
535 4382 759 4447 conservativis
768 4407 888 4468 aegrum
900 4387 997 4473 erige,
1006 4402 1038 4454 et
1048 4390 1134 4468 fove,
1141 4392 1240 4458 donec
