2992 5592
281 808 344 855 cua
361 791 434 871 xv.]
670 807 914 854 unssnoorcus.
1187 798 1227 855 87

277 959 357 1023 omui
379 957 592 1043 problemate,
623 957 728 1021 ethico
751 957 881 1034 scilicet,
903 958 1047 1043 physico,
1072 973 1104 1025 et
1127 961 1230 1047 logico

277 1059 484 1146 probabiliter
507 1057 683 1143 disputare.
730 1061 792 1124 Est
808 1072 914 1124 autem
935 1060 1099 1146 problema
1113 1062 1229 1126 dialec-

277 1161 380 1238 ticum,
408 1158 587 1246 speculatio
617 1159 812 1225 contendeus
838 1160 890 1227 vel
916 1160 956 1224 ad
983 1160 1166 1226 electionem
1197 1173 1229 1227 et

275 1264 393 1349 fugam
405 1262 458 1326 vel
470 1261 511 1327 ad
525 1260 690 1327 veritatem
703 1277 736 1327 et
748 1263 922 1340 scientiam,
933 1265 1113 1350 antimum,
1123 1279 1180 1332 aut
1192 1281 1228 1332 ut

273 1363 502 1431 adminiculans
517 1361 557 1426 ad
574 1362 695 1449 aliquid
708 1362 795 1427 alind
813 1364 1015 1451 hujusmodi;
1038 1366 1078 1430 de
1094 1392 1159 1453 quo
1170 1382 1226 1435 aut

273 1479 381 1530 neutro
404 1463 502 1528 modo
523 1462 706 1549 opinantur,
722 1476 779 1528 aut
800 1466 971 1543 contrarie,
995 1466 1123 1552 plurimi
1146 1469 1228 1552 sapi-

272 1566 409 1642 entibus,
437 1577 495 1629 aut
523 1563 679 1650 sapientes
707 1564 865 1650 plurimis,
891 1579 947 1630 aut
975 1567 1103 1652 utrique
1133 1567 1227 1633 iidem

273 1666 398 1731 eisdem.
460 1670 631 1730 Auctorem
668 1664 864 1729 definitionis
898 1665 1017 1731 indicat
1056 1667 1168 1753 stylus,
1196 1684 1228 1735 et

274 1767 481 1833 Aristotelem
497 1767 619 1831 faciunt
632 1767 729 1831 verba
744 1768 956 1831 manifestum.
996 1767 1057 1831 Sed
1074 1781 1106 1832 et
1119 1792 1227 1835 sensus

271 1869 452 1933 verborum.
488 1867 692 1953 Nequeeuim
704 1867 870 1954 problema
879 1867 1082 1947 dialecticum
1092 1870 1226 1947 censuit,

274 1969 426 2056 quicquid
454 1968 537 2034 inter
566 1968 807 2035 affirmationem
839 1970 1102 2056 negationemque
1127 1970 1227 2036 dedu-

272 2072 366 2147 citur,
390 2093 449 2134 neo
475 2072 553 2135 artis
581 2093 647 2134 suae
672 2070 830 2157 opificem,
853 2071 884 2134 in
913 2071 996 2137 illius
1022 2073 1226 2138 ventilatione

271 2173 408 2238 credidit
422 2171 647 2252 exercendum,
664 2174 752 2259 quod
769 2197 825 2237 nec
847 2196 963 2260 perse,
980 2197 1036 2238 nec
1058 2199 1115 2259 per
1137 2177 1224 2241 aliud

271 2273 495 2360 praedictarum
506 2273 744 2359 disciplinarum
755 2275 847 2341 alicui
858 2279 996 2360 prodest.
1031 2279 1223 2361 Namquod,

270 2376 327 2451 ait,
344 2376 538 2439 contendens
551 2377 597 2439 ud
610 2376 793 2439 electionem
811 2377 1002 2460 aelfegum,
1016 2379 1077 2441 etsi
1090 2379 1152 2443 sint
1168 2384 1225 2465 qui

270 2478 309 2542 ad
328 2478 451 2543 ethicas
473 2477 634 2542 duntaxat
657 2478 849 2564 quaestiones
872 2479 1073 2543 referendum
1097 2491 1223 2563 putant,

269 2602 328 2665 ego
349 2580 445 2644 etiam
469 2579 509 2643 ad
538 2579 686 2665 physicas
713 2580 851 2644 arbitror
877 2581 1043 2666 pertinere.
1092 2581 1154 2644 Sed
1181 2579 1221 2644 ad

269 2681 414 2766 logicas,
437 2694 493 2746 aut
516 2680 606 2759 nihil,
628 2695 685 2746 aut
709 2681 885 2746 minimum.
931 2679 1096 2766 Siquidem
1120 2695 1152 2745 et
1175 2683 1220 2746 ibi

269 2785 380 2861 virtus,
404 2793 437 2846 et
459 2781 583 2857 vitium,
607 2793 639 2845 et
662 2781 778 2846 similia
799 2779 944 2845 electioni
967 2781 1018 2844 vel
1044 2780 1132 2867 sugae
1158 2804 1222 2845 ma·

270 2883 379 2948 teriam
396 2896 568 2970 praestant:
594 2882 644 2946 hic
660 2895 767 2947 autem
784 2884 913 2960 sanitas,
925 2881 1096 2967 aegritudo,
1107 2906 1222 2959 causoe,

270 2986 369 3070 sigua,
384 3000 415 3049 et
432 2984 677 3049 circumstantiae
696 2984 904 3069 singulorum.
952 2987 1052 3049 Porro
1067 2985 1108 3048 ad
1122 2985 1221 3048 scien·

272 3088 348 3152 tiam
377 3100 410 3152 et
434 3088 601 3151 veritatem
633 3087 729 3151 trium
761 3087 1000 3172 disciplinarum
1031 3087 1223 3170 quaestiones

270 3212 365 3275 aeque
384 3189 589 3254 contendunt.
637 3189 756 3254 Utrum
774 3187 923 3273 voluptas
943 3186 1088 3270 eligenda
1103 3188 1157 3264 sit,
1171 3188 1220 3252 vel

273 3311 347 3366 uon,
378 3291 482 3355 ethica
513 3289 697 3376 speculatio,
724 3301 856 3375 propter
885 3310 917 3350 se
949 3286 1045 3350 utilis.
1100 3288 1220 3352 Utrum

272 3391 411 3457 mundus
425 3406 575 3470 aeternus,
590 3391 640 3455 vel
657 3414 730 3468 non,
747 3389 921 3476 speculatio
939 3386 1067 3475 quidem
1084 3390 1222 3477 Physica

271 3503 328 3573 est,
342 3494 383 3558 ad
399 3493 561 3558 scientiam
576 3506 607 3556 et
625 3494 812 3565 veritatem
844 3505 874 3555 et
892 3492 973 3555 forte
990 3491 1132 3557 adalind
1150 3516 1221 3579 pro-

270 3595 358 3660 dest:
384 3609 419 3660 ut
442 3595 507 3660 scil.
531 3616 631 3681 quum
656 3606 783 3658 creatus
805 3592 989 3669 innotuerit,
1013 3595 1093 3658 tanti
1116 3600 1220 3682 operis

271 3711 632 3770 veneremurauctorem,
645 3719 717 3759 cum
725 3696 923 3776 transitoriis,
935 3696 1065 3762 vilescat
1077 3697 1219 3762 moribus

270 3800 340 3886 piis,
356 3822 394 3863 eo
415 3798 504 3884 quod
522 3797 653 3862 vanitati
676 3797 840 3882 subjectus
861 3810 909 3862 est
931 3810 1029 3863 totus.
1076 3805 1124 3863 An
1147 3822 1220 3862 con-

271 3900 526 3966 tradictoriarum
543 3900 584 3963 sit
600 3921 722 3985 semper
737 3899 838 3964 altera
852 3922 937 3979 vera,
947 3900 998 3963 vel
1015 3923 1088 3977 non,
1101 3901 1221 3983 Logica

268 4002 463 4089 speculatur,
480 4016 510 4064 et
527 4001 567 4064 ad
585 4001 672 4066 aliud
689 4001 811 4065 confert
831 4002 974 4067 veritatis
990 4002 1087 4089 hujus
1102 4002 1219 4066 habere

268 4104 441 4168 scientiam.
487 4100 551 4179 Qui
577 4102 678 4185 igitur
703 4100 743 4164 de
769 4105 842 4164 lana
867 4105 997 4187 caprina
1022 4100 1219 4166 contendunt

264 4205 399 4291 jugiter,
416 4200 582 4267 dialectica
601 4202 730 4286 quidem
755 4201 952 4288 problemata
974 4225 1036 4266 non
1059 4211 1219 4275 exercent,

267 4321 384 4372 ettam
409 4306 451 4369 ab
474 4303 603 4368 artificis
625 4304 769 4384 materia,
790 4327 886 4389 quem
909 4303 950 4367 ab
976 4300 1077 4365 officio
1102 4301 1215 4364 remoti

268 4422 359 4473 sunt:
392 4405 553 4491 siquidem
577 4405 707 4467 materia
730 4405 800 4488 ejus
823 4404 930 4482 thesis,
952 4400 999 4462 vel
1024 4396 1138 4483 positio
1160 4414 1217 4464 est.
