2992 5592
267 785 309 843 30
530 795 665 841 rosums
682 792 959 839 sanasnnumusrs
1097 779 1181 853 [nm.
1198 797 1218 839 ι.

267 945 409 1032 regulam
425 947 578 1033 praebeat,
592 945 736 1033 profecto
756 943 929 1032 desipiunt,
945 945 1001 1028 qui
1022 967 1091 1007 eam
1109 943 1219 1011 dicunt

266 1049 502 1114 esseinutilemr
521 1071 620 1135 quum
632 1060 807 1134 utrumque
815 1047 937 1111 ratione
946 1046 1120 1111 clarissima
1130 1046 1219 1110 doce·

266 1165 341 1216 atur
363 1174 430 1215 esse
451 1150 730 1237 pernecessarium.
775 1148 1006 1235 Duplicitatem
1028 1171 1105 1212 vero
1125 1148 1219 1233 hujus

266 1253 513 1338 significationis,
536 1274 649 1316 nomen
673 1275 693 1315 a
716 1252 832 1316 Graeca
852 1250 982 1337 quidem
1005 1249 1130 1336 origine
1151 1275 1220 1314 con-

268 1355 378 1434 trahit,
394 1356 543 1442 quoniam
563 1354 608 1418 ibi
630 1351 725 1439 λόγος,
739 1375 824 1416 nunc
844 1373 1030 1432 sermonem,
1044 1375 1130 1416 nunc
1149 1353 1220 1417 rati-

266 1480 359 1522 onem
375 1458 541 1544 significat.
588 1456 649 1520 Sed
667 1469 815 1541 utquam
839 1452 990 1518 latissime
1011 1453 1219 1539 protendatur

267 1560 469 1646 significatio,
484 1559 525 1636 ei,
535 1558 577 1622 ad
592 1579 742 1645 praesens,
756 1578 937 1619 sermonum
948 1555 1090 1619 omnium
1107 1557 1220 1642 magis·

267 1661 381 1726 terium
394 1659 572 1734 tribuatur3
590 1672 626 1724 ut
636 1680 791 1744 nusquam
799 1657 1220 1733 convincaturesseinutilis,

267 1785 366 1849 quum
379 1763 474 1826 ctiam
488 1760 661 1825 secundum
673 1758 899 1845 generaliorem
915 1758 1060 1835 modum,
1073 1772 1141 1824 tota
1157 1783 1221 1846 per·

267 1862 358 1927 utilis
371 1885 450 1939 esse,
465 1875 498 1925 et
513 1860 685 1924 necessaria
699 1859 894 1944 apparuerit.
925 1860 957 1923 Si
973 1859 1068 1937 enim,
1085 1874 1122 1925 ut
1139 1885 1220 1948 saepc

266 1961 465 2039 dictumest,
485 1960 677 2025 necessarius
701 1958 805 2047 (quod
828 1983 920 2024 nemo
942 1965 1050 2046 negat)
1074 1974 1121 2026 est
1143 1985 1218 2027 usus

266 2062 365 2140 verbi,
380 2074 503 2147 quanto
513 2060 766 2147 compendiosius
781 2061 926 2142 docetur,
937 2073 1027 2126 tanto
1041 2078 1090 2127 est
1105 2062 1220 2128 doctri·

264 2186 308 2229 na
323 2162 442 2238 utilior,
458 2174 491 2227 et
510 2175 595 2227 certe
614 2162 748 2229 fidelior.
793 2164 939 2229 Stultum
958 2163 1041 2230 enim
1061 2176 1109 2229 est
1130 2167 1163 2229 in
1183 2189 1219 2230 eo

267 2265 390 2331 diutius
406 2288 479 2329 cum
498 2265 606 2329 labore
621 2278 653 2330 et
673 2264 860 2331 difficultate
879 2267 1007 2347 versari,
1022 2267 1111 2353 quod
1131 2268 1220 2334 aliter

266 2366 409 2455 expediri
425 2367 529 2449 facile,
539 2379 571 2433 et
585 2367 649 2432 cito
664 2381 781 2455 potest.
814 2368 900 2433 Solet
916 2369 975 2433 hoc
986 2367 1220 2456 negligentibus

266 2469 403 2547 evenire,
418 2484 450 2535 et
466 2470 523 2557 qui
538 2470 698 2556 jacturam
715 2472 864 2556 temporis
884 2469 1003 2535 nullius
1017 2485 1135 2558 putant
1155 2498 1220 2539 esse

267 2573 428 2638 momenti.
468 2573 619 2637 Omnium
636 2572 745 2659 itaque
759 2573 970 2658 gerendorum
987 2589 1071 2638 artes
1085 2575 1220 2663 amplec-

268 2673 374 2739 tendae
389 2688 473 2755 sunt,
487 2688 518 2739 et
535 2674 686 2756 colendae,
700 2697 737 2739 co
752 2674 883 2761 quidem
900 2675 1086 2755 studiosius,
1099 2701 1166 2764 quo
1180 2679 1219 2743 ab

266 2780 389 2863 optima
399 2790 530 2863 parente
543 2790 657 2842 natura
668 2777 821 2862 originem
833 2776 969 2855 ducunt,
980 2791 1012 2842 et
1023 2778 1219 2844 nobilitatem

267 2878 402 2965 generis,
411 2878 497 2944 facili
507 2892 539 2943 et
548 2879 632 2943 felici
641 2879 854 2963 gerendorum
866 2892 1086 2966 protestantur
1095 2881 1219 2947 effectu.

268 2980 490 3047 Gerendorum
512 2980 631 3046 idcirco
652 2981 787 3046 dixerim
810 2995 894 3046 artcs
915 2980 1073 3057 colendas,
1095 2982 1137 3047 ad
1160 2985 1221 3049 dis·

267 3084 438 3149 cretionem
465 3083 595 3163 artium,
619 3106 693 3171 quae
719 3098 887 3149 versantur
913 3085 945 3147 in
972 3085 1152 3150 maleficiis:
1185 3099 1220 3150 ut

267 3201 342 3253 suut
367 3184 601 3273 sortilegorum,
625 3206 658 3251 et
683 3198 807 3250 caeterae
833 3186 1010 3273 reprobatae
1035 3188 1219 3253 matheseos.

267 3292 350 3362 Quae
364 3293 514 3374 quoniam
529 3290 571 3353 ab
584 3287 693 3353 officiis
708 3289 820 3353 alienae
840 3298 923 3359 sunt.
940 3313 959 3352 a
973 3302 1040 3355 toto
1055 3290 1219 3355 hominum

267 3403 365 3464 coetu,
377 3403 461 3453 recte
472 3387 763 3473 philosophantium
777 3390 916 3468 decreto,
927 3391 1080 3456 eliminari
1092 3392 1217 3457 debent.

269 3486 331 3552 Sed
347 3486 388 3551 de
403 3487 452 3551 bis
466 3485 562 3552 latius
576 3488 698 3553 dictum
713 3503 762 3554 est
777 3491 808 3553 in
826 3491 1034 3578 Polycratico.

270 3655 350 3740 Cap.
371 3659 418 3718 ll.
444 3654 533 3729 Quid
553 3676 619 3731 are,
642 3657 733 3720 etde
754 3659 916 3739 speciebus
936 3661 1158 3742 ingeniorum:
1188 3669 1219 3724 et

483 3758 568 3839 quod
580 3758 705 3821 ortibus
719 3761 891 3825 excolenda
906 3771 993 3824 sunt.

310 3895 381 3956 Est
390 3902 497 3957 autem
510 3915 572 3972 ars,
581 3893 675 3969 ratio,
684 3917 759 3980 quae
771 3893 960 3979 compendio
969 3898 1017 3960 sui
1031 3897 1220 3962 naturaliter

268 3993 466 4081 possibilium
483 3995 614 4083 expedit
630 3996 827 4062 facultatem.
872 4001 987 4082 Neque
1002 4002 1084 4064 enim
1102 4003 1220 4085 impos·

269 4097 408 4163 sibilium
432 4102 514 4163 ratio
536 4111 682 4184 prendat,
701 4112 759 4164 aut
779 4099 949 4185 pollicetur
970 4101 1139 4175 effectum
1169 4101 1223 4166 sed

267 4226 388 4277 eorum,
404 4225 478 4288 quae
492 4200 559 4265 fieri
580 4215 727 4287 possunt,
749 4202 840 4286 quasi
858 4202 998 4288 quodam
1017 4201 1223 4289 dispendioso

267 4317 391 4370 naturae
406 4304 543 4369 circuitu
562 4301 824 4387 compendiosum
847 4305 909 4368 iter
927 4305 1060 4390 praebet,
1084 4320 1116 4370 et
1140 4307 1224 4394 parit

268 4406 316 4483 (ut
349 4407 395 4470 ita
423 4406 573 4484 dixerim)
605 4402 782 4470 difficilium
815 4405 1012 4471 facultatem.
1065 4409 1163 4473 Unde
1192 4421 1225 4472 ct
