2992 5592
154 819 215 870 car.
231 804 293 886 ra]
339 789 345 801 ’
510 813 747 869 ntsrsnoomns.
1041 805 1099 866 lsi

152 974 226 1039 nam
241 987 274 1040 et
289 995 405 1041 sensus
420 972 585 1050 erudiunt,
594 987 626 1038 et
642 972 738 1036 verba
752 985 909 1037 exercent.
941 972 1100 1036 Praeteren

151 1076 319 1142 temnentia
332 1074 521 1140 exbibenda
539 1089 586 1140 est
601 1074 707 1140 verbis
725 1088 905 1154 auctorum,
919 1095 991 1138 cum
1007 1073 1101 1139 cultu

150 1192 178 1244 et
193 1178 387 1244 assiduitate
410 1177 542 1252 utendi;
566 1190 635 1242 tum
655 1179 733 1264 quia
753 1176 915 1263 quandam
935 1198 954 1240 a
975 1177 1100 1261 magnis

149 1280 326 1346 nominibus
357 1279 561 1366 antiquitatis
590 1280 766 1364 praeferunt
795 1279 1004 1365 majestatem,
1029 1292 1100 1345 tum

147 1382 218 1469 quie
226 1381 675 1469 dispendiosiusiguorantur,
684 1404 785 1469 quum
797 1380 838 1445 sd
852 1380 1031 1466 urgendum
1043 1395 1102 1445 aut

148 1485 354 1551 mumdum
371 1484 593 1570 potentissima
612 1497 699 1549 sunt.
746 1483 912 1570 Siquidem
927 1484 1054 1567 ignaros
1068 1485 1102 1546 in

148 1587 275 1653 modum
290 1586 433 1653 turbinis
447 1586 588 1673 rapiunt,
598 1600 630 1651 et
647 1598 735 1651 metu
749 1586 910 1672 perculsos
923 1585 1101 1669 exagitent,

149 1703 201 1755 aut
216 1701 443 1776 prosternunt:
466 1687 613 1753 inaudita
625 1687 710 1752 euim
725 1686 988 1774 pbilosophorum
1005 1687 1103 1750 verba

149 1793 290 1857 tonitrua
303 1804 391 1856 sunt.
423 1789 516 1855 Licet
531 1790 642 1876 itaque
657 1790 894 1866 modernorum,
905 1800 938 1853 et
948 1801 1105 1865 veterum,

148 1894 185 1960 eit
208 1912 322 1960 sensus
346 1891 444 1968 idem,
471 1891 679 1955 venerabilior
704 1904 752 1956 est
779 1903 930 1955 vetustas.
974 1886 1104 1952 Dixisse

149 1992 249 2061 reoolo
261 1992 512 2081 Peripateticum
525 1992 719 2070 Palatinum,
731 1992 820 2079 quod
833 2009 943 2056 verum
954 1990 1104 2068 arbitror,

149 2098 222 2184 quia
236 2096 339 2164 facile
361 2108 443 2160 esset
464 2093 603 2180 aliquem
625 2095 727 2161 nostri
749 2095 901 2182 temporis
923 2094 1039 2160 librum
1062 2093 1104 2157 de

150 2200 206 2266 bac
219 2214 290 2264 arte
311 2219 515 2284 componere,
532 2195 591 2283 qui
612 2197 701 2262 nullo
722 2197 940 2284 antiquorum,
954 2197 1043 2284 quod
1061 2195 1104 2260 ed

149 2303 386 2389 conceptionem
412 2299 489 2379 veri,
511 2297 561 2363 vel
584 2298 772 2385 elegantiam
796 2301 897 2377 verbi,
919 2314 1000 2365 esset
1022 2299 1103 2365 inie-

149 2404 230 2468 rior:
254 2401 311 2468 sed
321 2413 359 2466 ut
372 2399 573 2465 auctoritatis
584 2403 724 2465 favorem
737 2401 906 2467 sortiretur
918 2414 975 2467 aut
985 2402 1102 2487 impos-

149 2502 249 2582 sibile,
263 2517 323 2569 sut
338 2501 572 2567 difficillimum.
618 2504 690 2567 Hoc
700 2502 805 2589 ipsum
824 2518 928 2568 temen
943 2503 1103 2567 asserebat

150 2605 323 2693 majoribus
344 2602 579 2685 ascribendum,
600 2625 737 2689 quorum
763 2603 940 2669 floruerunt
962 2605 1102 2688 ingenia,

151 2720 181 2772 et
201 2705 389 2772 inventione
410 2705 548 2770 mirabili
569 2705 735 2792 pollentes,
752 2706 867 2771 laboris
888 2705 939 2768 sui
960 2704 1103 2768 fructum

151 2808 286 2895 pesteris
301 2807 515 2894 reliquerunt.
561 2809 677 2894 ltaque
691 2830 740 2886 ea,
754 2808 786 2871 in
802 2808 921 2893 quibus
936 2804 1029 2869 multi
1045 2827 1105 2870 sus

153 2925 298 3000 tempore
312 2923 590 2995 consumpserunt,
605 2910 637 2973 in
660 2909 842 2973 inventione
861 2907 1013 2972 sudantes
1032 2905 1103 2992 plu·

151 3013 279 3089 nuum,
296 3033 383 3076 nunc
393 3010 498 3091 facile,
508 3023 541 3076 et
553 3011 654 3086 brevi,
670 3032 755 3075 uuus
769 3008 966 3093 assequitur:
983 3007 1103 3071 fruitur

153 3126 255 3179 tamen
286 3127 369 3179 retae
395 3127 505 3178 nostra
534 3111 687 3179 beneficio
717 3109 935 3197 precedentis,
960 3123 992 3174 et
1018 3130 1104 3194 saepe

151 3213 244 3302 ρΙιιι
257 3214 362 3291 novit,
376 3235 440 3278 non
459 3237 518 3279 suo
538 3214 670 3300 quidem
691 3211 873 3298 praecedens
893 3211 1032 3297 ingenio,
1047 3209 1102 3275 sed

150 3313 286 3383 innitens
306 3315 429 3380 viribus
443 3316 566 3393 alienis,
582 3329 614 3381 et
628 3298 782 3401 opulenta
803 3311 948 3378 doctrina
961 3327 1101 3399 potrum.

150 3417 286 3483 Dioebat
301 3416 486 3482 Bernartius
502 3416 716 3492 carnotensis,
731 3435 790 3479 nos
804 3437 871 3480 esse
886 3417 977 3502 qussi
994 3438 1102 3497 nanos,

149 3517 328 3605 gigantium
352 3518 493 3582 humeris
512 3518 693 3594 insidentes,
716 3530 751 3582 ut
771 3518 922 3603 possimus
943 3517 1103 3605 plurasseis

149 3632 180 3684 et
194 3618 366 3684 remotiora
378 3619 497 3697 videre,
508 3642 571 3683 non
588 3619 700 3705 utique
716 3619 836 3706 proprii
847 3620 934 3685 visus
948 3621 1103 3698 acumine,

150 3733 203 3786 ent
228 3719 404 3784 eminentia
426 3721 580 3806 corporis,
603 3720 658 3783 sed
683 3721 761 3807 quia
781 3723 812 3784 in
834 3721 935 3787 altum
956 3721 1104 3786 subvehi-

152 3841 222 3885 nur
251 3834 287 3884 et
312 3820 498 3885 extollimur
528 3821 750 3904 magnitudine
774 3821 934 3907 gigantea.
979 3825 1024 3889 Et
1054 3825 1104 3888 his

152 3920 243 3987 imile
256 3920 491 4008 adquieverim,
508 3922 584 4008 quia
603 3924 681 3986 artis
701 3925 919 4010 praeparatitia
932 3937 964 3989 et
984 3924 1103 3990 multos

150 4020 302 4086 articulos
317 4020 463 4085 veritatis
483 4022 611 4087 trudunt
632 4023 750 4087 artium
770 4039 993 4111 preceptores,
1008 4027 1103 4090 etiam

152 4119 181 4185 in
194 4119 493 4189 introductionibus
509 4122 586 4202 suis,
601 4146 694 4209 aequc
713 4124 794 4189 bene
807 4126 959 4211 antiquis,
974 4139 1007 4188 et
1022 4125 1105 4187 forte

151 4221 360 4287 commodius.
406 4219 487 4297 Quis
509 4222 592 4286 enim
617 4236 787 4289 contentus
809 4240 857 4289 est
879 4226 928 4304 iis,
952 4248 1026 4308 quae
1054 4225 1103 4287 vel

154 4321 343 4389 Aristoteles
358 4321 389 4383 in
406 4320 622 4404 periermeniis
641 4323 757 4388 docet?
796 4329 877 4403 Quis
891 4324 1019 4388 aliunde
1034 4347 1106 4387 con-

152 4423 270 4508 quisita
292 4443 358 4487 non
377 4419 512 4507 adjicit?
550 4426 669 4488 Omnes
691 4425 774 4489 enim
798 4427 896 4491 totius
919 4429 996 4490 artis
1021 4446 1105 4490 surn-

601 4529 660 4589 12
