2992 5592
380 812 442 870 936
637 825 775 868 mistus
790 823 1068 868 siansuamsssis
1151 808 1260 888 [asor.
1277 824 1333 870 vn.

378 979 437 1042 hoc
459 976 544 1063 quod
567 976 730 1047 habemus,
746 990 778 1037 et
801 996 894 1036 omne
915 975 973 1036 hoc
993 976 1080 1060 quod
1105 977 1211 1040 dicere
1225 1000 1333 1062 possu-

377 1103 459 1156 mus,
482 1076 568 1140 aiiud
592 1090 640 1138 est
662 1099 681 1138 a
707 1078 796 1137 Deo:
831 1097 887 1138 nec
908 1075 1022 1139 oculus
1044 1077 1144 1151 videt,
1165 1101 1223 1142 nec
1246 1103 1334 1144 mens

377 1183 462 1268 capit
485 1179 544 1242 nisi
568 1178 627 1239 hoc
650 1177 699 1238 vel
723 1176 762 1238 sit
787 1177 846 1238 hoe
868 1177 954 1261 qnod
978 1199 1040 1240 non
1066 1193 1113 1241 est
1144 1179 1243 1244 Deus.
1289 1185 1331 1247 Et

378 1287 459 1348 sicut
475 1303 568 1345 nemo
579 1281 638 1343 scit
648 1302 723 1364 quae
735 1294 809 1341 sunt
822 1277 968 1353 hominis,
981 1280 1041 1343 nisi
1053 1281 1185 1364 spiritus
1197 1283 1332 1348 hominis

377 1386 435 1471 qui
455 1385 553 1447 estin
572 1381 717 1456 homine3
740 1380 783 1442 sic
802 1402 876 1463 quae
897 1380 957 1441 Dei
977 1396 1052 1443 sunt
1076 1405 1169 1445 nemo
1187 1385 1256 1457 scit,
1273 1387 1331 1449 nisi

379 1485 519 1571 Spiritus
546 1481 606 1543 Dei
633 1493 665 1542 et
693 1478 750 1563 qui
776 1479 872 1543 habet
901 1481 1054 1565 Spiritum
1082 1482 1161 1546 Dei:
1193 1487 1253 1548 scit
1277 1510 1332 1570 per

380 1583 535 1670 Spiritum
561 1578 620 1641 Dei
643 1601 716 1662 quae
740 1581 800 1641 Dei
824 1591 907 1640 aunt.
952 1578 1003 1642 Ad
1027 1579 1087 1642 hoc
1108 1595 1216 1645 autem
1232 1585 1332 1646 consi

379 1684 580 1752 derandum3
612 1676 709 1764 paulo
731 1678 827 1742 altius
848 1679 971 1742 aestimo
997 1682 1216 1765 repetendum.
1262 1687 1331 1748 Tri·

379 1789 440 1851 bus
465 1781 565 1846 oculis
591 1779 677 1842 videt
708 1779 802 1841 homo
832 1780 954 1842 ratione
982 1794 1085 1854 utens,
1110 1783 1204 1846 oculo
1230 1787 1331 1847 carnis

380 1912 446 1975 quo
461 1885 545 1949 ridet
561 1897 652 1946 extra
667 1905 700 1944 se
717 1881 884 1956 mundum,
899 1895 932 1945 et
948 1905 1023 1967 quae
1038 1898 1113 1948 sunt
1136 1889 1167 1948 in
1191 1887 1331 1962 mundo;

378 1990 470 2056 oculo
491 1989 624 2050 rationis
647 1983 734 2045 videt
760 1987 791 2046 in
816 2006 848 2046 se
874 1987 1015 2047 animum
1042 1999 1074 2048 et
1098 2009 1172 2071 quae
1198 2004 1272 2052 sunt
1297 1993 1329 2054 in

377 2092 482 2156 animo
494 2114 503 2164 ;
532 2085 625 2148 oculo
647 2081 933 2168 contemplationis,
954 2083 1041 2148 videt
1062 2086 1145 2149 intra
1165 2109 1197 2148 se
1222 2091 1327 2152 Deum

377 2208 409 2257 et
424 2213 498 2277 qnae
513 2202 587 2250 aunt
603 2186 635 2247 in
660 2187 739 2248 Deo.
786 2187 850 2261 Qui
872 2207 948 2268 ergo
970 2187 1122 2270 Spiritum
1149 2189 1211 2252 Dei
1238 2190 1269 2253 in
1296 2214 1329 2253 se

378 2293 507 2367 habent,
518 2301 548 2349 et
564 2288 668 2349 Deum
682 2286 800 2349 habent
812 2300 844 2349 et
860 2289 966 2350 Deum
979 2288 1099 2361 vident,
1112 2290 1190 2376 quia
1199 2292 1327 2356 oculum

377 2392 592 2459 illuminatum
608 2386 738 2462 habent,
756 2410 822 2470 quo
841 2386 931 2452 Deus
947 2389 1044 2454 videri
1061 2405 1185 2476 potest3
1214 2408 1246 2457 et
1263 2418 1331 2458 sen-

379 2500 464 2562 tiunt
479 2513 541 2554 non
558 2492 589 2552 in
606 2487 668 2550 alio
685 2491 734 2551 vel
750 2489 925 2552 secundum
948 2491 1037 2554 aliud
1063 2493 1149 2576 quod
1175 2498 1243 2578 ipse
1267 2519 1327 2558 non

380 2613 440 2674 est,
454 2595 507 2660 sed
530 2597 636 2677 ipsum
659 2594 691 2654 in
717 2595 787 2674 ipso
810 2592 896 2676 quod
921 2608 979 2667 est,
1004 2595 1090 2679 quod
1114 2620 1253 2680 praesens
1274 2615 1331 2663 est.

382 2703 450 2766 Nec
466 2715 569 2763 tamen
587 2692 618 2756 id
638 2692 772 2776 cogitari
796 2707 920 2779 potest:
951 2699 1028 2781 quia
1052 2699 1330 2782 incogitabilem,

381 2829 438 2870 nec
460 2804 522 2866 dici
549 2809 671 2884 potest:
703 2800 782 2880 quia
806 2797 966 2861 ineffabile
988 2812 1047 2874 est,
1069 2799 1123 2862 sed
1147 2801 1278 2865 videtur
1299 2821 1332 2866 et

381 2912 519 2973 sentitur
533 2919 564 2967 et
580 2923 641 2962 non
658 2899 858 2983 exprimitur.
905 2898 971 2972 Qui
987 2905 1069 2965 enim
1093 2899 1215 2987 aliquid
1240 2904 1331 2982 dicit,

381 3009 555 3076 secundum
572 3000 694 3085 aliquid
710 3000 787 3063 dicit
800 3014 831 3063 et
844 3002 966 3085 cogitat
978 3002 1066 3086 quod
1078 3003 1155 3068 dicit
1167 3015 1199 3066 et
1210 3004 1329 3071 scilicet

381 3111 469 3200 quod
489 3110 578 3173 dicit.
624 3105 731 3168 Deum
756 3105 898 3165 nominas
912 3116 944 3166 et
959 3101 1039 3167 duas
1059 3104 1197 3190 syllabas
1211 3106 1331 3171 formas

381 3228 413 3279 et
444 3227 545 3276 totum
572 3208 689 3271 dixisse
718 3218 824 3288 putas.
870 3203 956 3279 Quid
983 3226 1060 3287 ergo
1089 3209 1235 3290 cogitas?
1274 3226 1330 3272 aut

381 3314 487 3401 quale,
503 3333 604 3397 quum
626 3309 707 3371 dicis
726 3309 838 3371 Deus?
869 3307 903 3369 Si
918 3309 1000 3369 enim
1025 3308 1130 3370 Deum
1150 3309 1212 3372 sub
1235 3311 1332 3375 hocce

381 3417 508 3478 nomine
522 3413 627 3473 omnia
642 3410 859 3492 inspicientem
873 3404 923 3468 vel
939 3410 1083 3471 timorem
1099 3410 1331 3493 interpretaris,

381 3514 454 3599 quis
479 3509 637 3594 explicare
664 3521 769 3592 potest
796 3505 957 3590 quomodo
982 3507 1126 3589 inspiciat
1155 3510 1255 3587 Deus,
1284 3512 1329 3573 vei

379 3611 542 3699 quomodo
568 3610 664 3674 timor
687 3610 728 3671 sit
755 3610 867 3670 Deus?
899 3608 1067 3683 Quomodo
1093 3624 1198 3693 potest
1227 3615 1330 3676 timeri

379 3717 467 3803 quod
482 3735 544 3775 non
559 3725 664 3798 potest
680 3710 804 3774 videri?
831 3730 888 3772 nec
902 3709 1045 3792 cogitari,
1058 3710 1105 3771 vel
1123 3711 1226 3774 scire?
1252 3714 1331 3777 Vide

380 3840 456 3902 ergo
472 3813 549 3900 qnid
562 3812 681 3897 cogites
693 3812 741 3873 vet
757 3813 863 3875 dicas:
888 3835 989 3897 quum
1006 3811 1086 3875 dicis
1102 3816 1201 3877 Deus.
1240 3818 1330 3900 Ergo

379 3941 480 4006 quum
496 3915 575 3978 dicis
600 3918 706 3985 l)eus;
739 3917 860 3998 cogitas
882 3913 969 4000 quod
988 3915 1094 3977 omnia
1115 3915 1189 3978 fecit
1212 3933 1244 3980 et
1267 3940 1329 3981 non

379 4021 499 4107 cogitas
514 4015 602 4101 quod
619 4032 666 4079 est
682 4016 748 4101 ipse
764 4015 819 4101 qui
836 4017 919 4080 fecit.
963 4015 1073 4080 Minus
1087 4029 1134 4079 est
1151 4030 1253 4080 totum
1271 4019 1331 4083 hoc

380 4121 468 4210 quod
483 4119 572 4194 dicia,
589 4133 619 4183 ct
637 4141 697 4180 non
714 4132 762 4181 est
778 4118 837 4180 hoc
852 4131 955 4181 totum
973 4118 1039 4202 ipse
1054 4116 1094 4180 de
1116 4138 1182 4202 quo
1204 4118 1284 4182 dicis
1298 4135 1329 4183 et

380 4238 484 4288 tamen
508 4221 546 4283 de
562 4221 632 4304 ipso
655 4220 714 4282 hoc
729 4217 825 4281 dicis:
858 4241 919 4281 non
937 4232 973 4282 ut
992 4217 1032 4280 ad
1057 4218 1161 4301 ipsum
1178 4220 1331 4292 acccdas;

379 4323 433 4387 sed
451 4336 485 4386 ut
502 4321 562 4405 ipsi
580 4320 826 4407 appropinques.
875 4323 1030 4403 Magnum
1048 4320 1131 4382 enim
1146 4335 1194 4383 est
1215 4320 1335 4385 homini

379 4445 462 4485 nunc
478 4422 517 4484 ad
535 4425 638 4506 ipsum
655 4424 711 4496 ire,
725 4421 784 4483 etsi
798 4443 857 4482 non
871 4420 967 4484 detur
982 4421 1156 4504 pervenire.
1193 4420 1334 4486 Dabitur
