2992 5592
403 790 463 848 178
652 798 788 843 suenrus
804 796 1082 842 sanssuumansrs
1204 781 1291 855 [nm.
1307 799 1349 843 ιν.

402 953 461 1016 hoc
492 971 551 1036 pro
582 947 748 1012 seminario
778 945 1035 1011 inveniendorum
1066 946 1146 1011 dicit
1176 960 1351 1034 acceptum,

402 1052 489 1138 quod
506 1051 692 1116 Aristoteles
714 1050 807 1113 sitin
826 1048 1010 1132 Analyticis,
1027 1049 1119 1128 Mem,
1141 1071 1244 1132 quum
1266 1054 1308 1114 rit
1326 1059 1354 1113 ct

399 1176 466 1217 non
480 1157 533 1226 sit,
549 1174 615 1216 non
630 1173 752 1215 necesse
766 1163 810 1215 est
827 1152 908 1214 idem
924 1171 1000 1215 esse.
1044 1154 1136 1233 Ergo
1155 1151 1234 1237 ipse,
1250 1164 1283 1214 et
1302 1150 1351 1213 alii

400 1255 602 1339 aliquatenus
631 1252 862 1338 suppleverunt
893 1252 1115 1337 imperfectum
1148 1252 1352 1317 Aristotelem

399 1357 431 1420 in
449 1357 507 1419 hac
522 1368 628 1441 parte:
653 1355 706 1417 sed
724 1354 867 1439 quidem,
883 1368 918 1418 ut
935 1353 1014 1416 mihi
1035 1354 1138 1417 visum
1159 1368 1220 1432 est,
1241 1355 1353 1438 imper-

399 1457 489 1522 fecte.
538 1459 653 1541 ltaque
675 1454 705 1518 in
724 1454 938 1539 hypotheticis
961 1454 1163 1538 syllogismis,
1180 1455 1237 1540 qui
1261 1452 1351 1538 syllo-

400 1557 494 1642 gismi
505 1557 593 1631 liant,
603 1556 635 1618 in
646 1556 741 1640 priori
755 1556 856 1616 forma
866 1577 923 1638 per
932 1554 1118 1639 positionem
1129 1553 1351 1627 antecedentis,

401 1659 459 1742 qui
488 1658 521 1719 in
552 1655 718 1740 posteriori
747 1676 805 1738 per
834 1651 1080 1717 destructionem
1111 1653 1349 1739 consequentis:

399 1781 514 1843 quaeve
536 1757 597 1820 sint
623 1757 745 1841 figurae,
767 1767 823 1819 aut
844 1754 930 1817 modi
952 1754 1006 1839 qui
1029 1767 1188 1829 constant,
1211 1776 1253 1818 ex
1272 1775 1351 1817 com·

401 1860 511 1944 positis
527 1856 751 1944 hypotheticis,
763 1873 795 1920 et
811 1856 851 1919 de
867 1854 1147 1940 propositionibus,
1157 1853 1351 1940 aequimodis,

400 1975 433 2024 et
449 1983 509 2023 non
526 1957 726 2042 aequimodis,
738 1971 771 2021 et
786 1980 860 2043 quae
876 1960 917 2019 sit
933 1968 1047 2019 natura
1061 1979 1181 2034 eorum,
1196 1957 1253 2041 qui
1269 1957 1349 2019 fiunt

397 2083 436 2124 ex
463 2061 642 2144 disjunctis,
668 2059 857 2122 ostenditur.
903 2057 965 2120 Sed
993 2057 1076 2121 torte
1101 2057 1141 2120 ab
1166 2055 1347 2131 Aristotele,

400 2162 441 2225 de
456 2160 616 2224 industria
631 2159 759 2222 relictus
774 2174 821 2222 est
839 2159 889 2221 hic
904 2159 1010 2223 labor:
1034 2181 1072 2221 eo
1088 2159 1175 2243 quod
1196 2157 1270 2241 plus
1290 2157 1349 2220 dif-

399 2260 552 2325 ficultatis
573 2282 667 2344 qnam
692 2257 843 2322 utilitatis
866 2259 994 2322 videtur
1015 2259 1129 2322 habere
1151 2257 1232 2322 liber
1251 2257 1349 2332 illius,

399 2363 457 2445 qni
473 2359 711 2442 diligentissime
727 2360 865 2445 scripsit.
914 2361 1063 2423 Profecto
1077 2359 1104 2421 si
1121 2360 1206 2424 hunc
1232 2362 1351 2423 Aristo-

398 2463 476 2527 teles
492 2484 577 2524 more
593 2483 650 2523 suo
666 2473 890 2546 exequeretur,
906 2461 1076 2525 verisimile
1090 2474 1138 2525 est
1154 2473 1253 2526 tantae
1272 2462 1350 2526 diffi-

401 2563 530 2628 cultatis
551 2563 620 2627 t‘ore
642 2563 773 2638 librum,
797 2577 834 2626 ut
858 2576 976 2648 praeter
1004 2561 1171 2647 Sybillam,
1196 2563 1348 2647 intelligat

399 2686 502 2727 nemo.
548 2668 617 2728 Nec
634 2676 738 2727 tamen
756 2663 808 2727 hic
823 2663 864 2726 de
884 2662 1098 2748 hypotheticis
1118 2666 1194 2727 satis
1215 2664 1350 2728 arbitror

402 2763 599 2850 expeditum,
620 2765 842 2849 supplementa
864 2788 935 2827 vero
957 2763 1134 2829 scholarum
1151 2766 1302 2850 perutilia
1319 2777 1350 2829 et

401 2867 573 2930 necessaria
588 2880 672 2930 sunt.

511 3124 592 3211 Cap.
608 3131 659 3188 22.
683 3125 989 3206 [respirationes
1005 3126 1146 3189 utilitate
1159 3128 1239 3206 qius.

443 3286 669 3347 Soenrsrrcan
691 3306 768 3357 esse,
784 3282 905 3345 dictum
929 3294 989 3356 est,
1013 3303 1088 3367 quae
1109 3281 1191 3345 falsa
1211 3283 1346 3368 imagine

398 3395 461 3445 tam
480 3381 685 3445 Dialecticam
702 3405 800 3467 quam
822 3382 1101 3445 demonstrativam
1117 3381 1302 3459 aeurulatur,
1314 3397 1345 3447 et

397 3482 529 3567 speciem
541 3504 637 3565 quam
649 3481 799 3547 virtutem
812 3482 973 3566 sapientiae
984 3483 1084 3566 magis
1093 3484 1231 3547 affectat.
1255 3485 1346 3548 Unde

396 3605 436 3645 ne
456 3581 553 3644 cliens
576 3583 767 3656 Aristotelis,
792 3584 981 3646 mechanicae
1004 3582 1102 3668 hujus
1123 3585 1346 3671 supplantetur

395 3682 529 3759 insidiis,
551 3706 619 3745 earn
645 3683 898 3766 praecedentibus
922 3699 1006 3749 recte
1031 3685 1210 3770 subjungit.
1256 3689 1346 3772 Opus

395 3783 526 3869 quidem
553 3783 686 3867 dignum
709 3784 890 3859 Aristotele,
914 3798 946 3848 et
968 3806 1033 3868 quo
1055 3784 1143 3850 aliud
1167 3787 1269 3872 magis
1291 3810 1344 3851 ex·

393 3882 679 3970 pedirejuventuti
702 3907 763 3947 non
785 3886 877 3949 facile
897 3884 1051 3950 dixerim:
1074 3889 1231 3972 juventus
1251 3888 1346 3963 enim,

393 3984 450 4049 etsi
467 3984 652 4069 sapientium
669 4007 774 4046 veram
792 3985 823 4047 in
839 3987 987 4049 omnibus
1002 3991 1094 4071 plene
1110 4006 1248 4074 nequeat
1262 3988 1343 4053 obti-

393 4110 477 4166 nere,
492 4085 655 4171 sapientioe
676 4099 781 4148 tamen
802 4084 981 4169 opinionem
1002 4088 1142 4167 affectat,
1155 4105 1188 4154 et
1208 4089 1342 4175 gloriam

391 4210 481 4251 susm
496 4187 629 4251 aliorum
647 4186 715 4250 vult
726 4185 851 4269 judicio
866 4188 1028 4252 celebrari.
1076 4189 1151 4254 Hoc
1165 4206 1214 4255 est
1230 4193 1340 4277 utique

391 4290 479 4374 quod
495 4289 666 4374 sophistica
681 4288 867 4373 pollicetur:
892 4302 939 4353 est
950 4291 1033 4353 enim
1050 4313 1207 4376 apparens
1221 4296 1341 4378 sapien-

389 4389 445 4468 tis,
470 4413 532 4453 non
562 4389 709 4455 existens.
755 4389 851 4453 Unde
879 4404 912 4455 et
942 4391 1094 4475 sophista,
1124 4393 1272 4477 copiosus
1301 4394 1341 4457 ab
