<?xml version="1.0" encoding="UTF-8"?>
<!DOCTYPE html PUBLIC "-//W3C//DTD XHTML 1.0 Transitional//EN"
    "http://www.w3.org/TR/xhtml1/DTD/xhtml1-transitional.dtd">
<html xmlns="http://www.w3.org/1999/xhtml" xml:lang="en" lang="en">
 <head>
  <title>
</title>
<meta http-equiv="Content-Type" content="text/html;charset=utf-8" />
  <meta name='ocr-system' content='tesseract 3.04.00' />
  <meta name='ocr-capabilities' content='ocr_page ocr_carea ocr_par ocr_line ocrx_word'/>
</head>
<body>
  <div class='ocr_page' id='page_1' title='image "./joannissaresber15johngoog_0245.png"; bbox 0 0 2992 5592; ppageno 0'>
   <div class='ocr_carea' id='block_1_1' title="bbox 268 768 1219 853">
    <p class='ocr_par' dir='ltr' id='par_1_1' title="bbox 268 768 1219 853">
     <span class='ocr_line' id='line_1_1' title="bbox 268 768 1219 853; baseline 0.007 -20"><span class='ocrx_word' id='word_1_1' title='bbox 268 787 357 834; x_wconf 79' lang='lat' dir='ltr'><strong>sacr.</strong></span> <span class='ocrx_word' id='word_1_2' title='bbox 374 768 448 853; x_wconf 74' lang='lat' dir='ltr'><strong>vra]</strong></span> <span class='ocrx_word' id='word_1_3' title='bbox 560 790 601 833; x_wconf 80' lang='lat' dir='ltr'><strong>nu</strong></span> <span class='ocrx_word' id='word_1_4' title='bbox 620 790 750 834; x_wconf 71' lang='lat' dir='ltr'><strong>sacram</strong></span> <span class='ocrx_word' id='word_1_5' title='bbox 767 791 936 835; x_wconf 78' lang='lat' dir='ltr'><strong>sarranis.</strong></span> <span class='ocrx_word' id='word_1_6' title='bbox 1161 783 1219 840; x_wconf 71' lang='lat'><strong>231</strong></span> 
     </span>
    </p>
   </div>
   <div class='ocr_carea' id='block_1_2' title="bbox 264 938 1232 4458">
    <p class='ocr_par' dir='ltr' id='par_1_2' title="bbox 264 938 1232 4458">
     <span class='ocr_line' id='line_1_2' title="bbox 268 938 1219 1029; baseline 0.006 -26"><span class='ocrx_word' id='word_1_7' title='bbox 268 938 355 1003; x_wconf 85' lang='lat' dir='ltr'><strong>tibus</strong></span> <span class='ocrx_word' id='word_1_8' title='bbox 375 961 481 1003; x_wconf 86' lang='lat' dir='ltr'><strong>rerum</strong></span> <span class='ocrx_word' id='word_1_9' title='bbox 498 939 600 1004; x_wconf 88' lang='lat' dir='ltr'><strong>causis</strong></span> <span class='ocrx_word' id='word_1_10' title='bbox 615 938 754 1025; x_wconf 83' lang='lat' dir='ltr'><strong>aliquam</strong></span> <span class='ocrx_word' id='word_1_11' title='bbox 774 941 985 1025; x_wconf 77' lang='lat' dir='ltr'><strong>cognitionem</strong></span> <span class='ocrx_word' id='word_1_12' title='bbox 1010 944 1219 1029; x_wconf 81' lang='lat' dir='ltr'><strong>percipiamus</strong></span> 
     </span>
     <span class='ocr_line' id='line_1_3' title="bbox 266 1041 1217 1130; baseline 0.007 -26"><span class='ocrx_word' id='word_1_13' title='bbox 266 1063 368 1126; x_wconf 82' lang='lat' dir='ltr'><strong>pauca</strong></span> <span class='ocrx_word' id='word_1_14' title='bbox 392 1043 615 1106; x_wconf 89' lang='lat' dir='ltr'><strong>convenienter</strong></span> <span class='ocrx_word' id='word_1_15' title='bbox 639 1041 836 1129; x_wconf 74' lang='lat' dir='ltr'><strong>praelibanda</strong></span> <span class='ocrx_word' id='word_1_16' title='bbox 863 1057 936 1108; x_wconf 91' lang='lat' dir='ltr'><strong>sunt</strong></span> <span class='ocrx_word' id='word_1_17' title='bbox 968 1045 1078 1130; x_wconf 83' lang='lat' dir='ltr'><strong>prius;</strong></span> <span class='ocrx_word' id='word_1_18' title='bbox 1112 1060 1148 1110; x_wconf 90' lang='lat' dir='ltr'><strong>ut</strong></span> <span class='ocrx_word' id='word_1_19' title='bbox 1174 1048 1217 1113; x_wconf 92' lang='lat' dir='ltr'><strong>ait</strong></span> 
     </span>
     <span class='ocr_line' id='line_1_4' title="bbox 267 1144 1219 1231; baseline 0.005 -24"><span class='ocrx_word' id='word_1_20' title='bbox 267 1146 403 1207; x_wconf 88' lang='lat' dir='ltr'><strong>Hermes</strong></span> <span class='ocrx_word' id='word_1_21' title='bbox 422 1145 603 1208; x_wconf 91' lang='lat' dir='ltr'><strong>Mercurius</strong></span> <span class='ocrx_word' id='word_1_22' title='bbox 619 1144 757 1229; x_wconf 86' lang='lat' dir='ltr'><strong>triplex;</strong></span> <span class='ocrx_word' id='word_1_23' title='bbox 783 1145 930 1210; x_wconf 81' lang='lat' dir='ltr'><strong>Primarii</strong></span> <span class='ocrx_word' id='word_1_24' title='bbox 946 1147 1103 1231; x_wconf 87' lang='lat' dir='ltr'><strong>sapientes</strong></span> <span class='ocrx_word' id='word_1_25' title='bbox 1118 1170 1219 1231; x_wconf 85' lang='lat' dir='ltr'><strong>genus</strong></span> 
     </span>
     <span class='ocr_line' id='line_1_5' title="bbox 267 1244 1219 1331; baseline 0.007 -23"><span class='ocrx_word' id='word_1_26' title='bbox 267 1244 452 1331; x_wconf 87' lang='lat' dir='ltr'><strong>hujusmodi</strong></span> <span class='ocrx_word' id='word_1_27' title='bbox 472 1245 662 1330; x_wconf 70' lang='lat' dir='ltr'><strong>ignorantiae</strong></span> <span class='ocrx_word' id='word_1_28' title='bbox 685 1245 825 1311; x_wconf 89' lang='lat' dir='ltr'><strong>tenebris</strong></span> <span class='ocrx_word' id='word_1_29' title='bbox 846 1247 1041 1311; x_wconf 80' lang='lat' dir='ltr'><strong>obcaecatum</strong></span> <span class='ocrx_word' id='word_1_30' title='bbox 1065 1248 1219 1328; x_wconf 88' lang='lat' dir='ltr'><strong>videntes,</strong></span> 
     </span>
     <span class='ocr_line' id='line_1_6' title="bbox 264 1345 1220 1432; baseline 0.003 -22"><span class='ocrx_word' id='word_1_31' title='bbox 264 1358 296 1410; x_wconf 85' lang='lat' dir='ltr'><strong>ct</strong></span> <span class='ocrx_word' id='word_1_32' title='bbox 314 1358 377 1409; x_wconf 83' lang='lat' dir='ltr'><strong>tam</strong></span> <span class='ocrx_word' id='word_1_33' title='bbox 401 1346 434 1408; x_wconf 90' lang='lat' dir='ltr'><strong>in</strong></span> <span class='ocrx_word' id='word_1_34' title='bbox 458 1348 563 1410; x_wconf 86' lang='lat' dir='ltr'><strong>anima</strong></span> <span class='ocrx_word' id='word_1_35' title='bbox 585 1368 682 1432; x_wconf 90' lang='lat' dir='ltr'><strong>quam</strong></span> <span class='ocrx_word' id='word_1_36' title='bbox 705 1346 738 1409; x_wconf 91' lang='lat' dir='ltr'><strong>in</strong></span> <span class='ocrx_word' id='word_1_37' title='bbox 761 1368 894 1430; x_wconf 90' lang='lat' dir='ltr'><strong>corpore</strong></span> <span class='ocrx_word' id='word_1_38' title='bbox 916 1345 1104 1431; x_wconf 82' lang='lat' dir='ltr'><strong>languidum</strong></span> <span class='ocrx_word' id='word_1_39' title='bbox 1125 1361 1157 1412; x_wconf 87' lang='lat' dir='ltr'><strong>et</strong></span> <span class='ocrx_word' id='word_1_40' title='bbox 1173 1350 1220 1413; x_wconf 90' lang='lat' dir='ltr'><strong>in·</strong></span> 
     </span>
     <span class='ocr_line' id='line_1_7' title="bbox 267 1445 1216 1533; baseline 0.006 -24"><span class='ocrx_word' id='word_1_41' title='bbox 267 1446 393 1510; x_wconf 87' lang='lat' dir='ltr'><strong>finuum</strong></span> <span class='ocrx_word' id='word_1_42' title='bbox 425 1445 668 1532; x_wconf 88' lang='lat' dir='ltr'><strong>perspicientes;</strong></span> <span class='ocrx_word' id='word_1_43' title='bbox 708 1446 748 1510; x_wconf 90' lang='lat' dir='ltr'><strong>ad</strong></span> <span class='ocrx_word' id='word_1_44' title='bbox 780 1448 951 1533; x_wconf 89' lang='lat' dir='ltr'><strong>utriusque</strong></span> <span class='ocrx_word' id='word_1_45' title='bbox 988 1448 1216 1533; x_wconf 83' lang='lat' dir='ltr'><strong>reparationem</strong></span> 
     </span>
     <span class='ocr_line' id='line_1_8' title="bbox 265 1547 1217 1635; baseline 0.004 -24"><span class='ocrx_word' id='word_1_46' title='bbox 265 1547 348 1612; x_wconf 85' lang='lat' dir='ltr'><strong>duas</strong></span> <span class='ocrx_word' id='word_1_47' title='bbox 384 1547 575 1635; x_wconf 80' lang='lat' dir='ltr'><strong>principales</strong></span> <span class='ocrx_word' id='word_1_48' title='bbox 611 1548 767 1624; x_wconf 78' lang='lat' dir='ltr'><strong>scientiaS,</strong></span> <span class='ocrx_word' id='word_1_49' title='bbox 799 1549 990 1634; x_wconf 83' lang='lat' dir='ltr'><strong>theologiam</strong></span> <span class='ocrx_word' id='word_1_50' title='bbox 1029 1549 1147 1614; x_wconf 87' lang='lat' dir='ltr'><strong>scilicet</strong></span> <span class='ocrx_word' id='word_1_51' title='bbox 1176 1551 1217 1615; x_wconf 90' lang='lat' dir='ltr'><strong>ad</strong></span> 
     </span>
     <span class='ocr_line' id='line_1_9' title="bbox 267 1649 1217 1738; baseline 0.004 -26"><span class='ocrx_word' id='word_1_52' title='bbox 267 1649 399 1714; x_wconf 78' lang='lat' dir='ltr'><strong>salutem</strong></span> <span class='ocrx_word' id='word_1_53' title='bbox 416 1650 541 1730; x_wconf 84' lang='lat' dir='ltr'><strong>animae,</strong></span> <span class='ocrx_word' id='word_1_54' title='bbox 555 1651 719 1736; x_wconf 83' lang='lat' dir='ltr'><strong>physicam</strong></span> <span class='ocrx_word' id='word_1_55' title='bbox 732 1673 808 1715; x_wconf 84' lang='lat' dir='ltr'><strong>vcro</strong></span> <span class='ocrx_word' id='word_1_56' title='bbox 822 1649 863 1714; x_wconf 91' lang='lat' dir='ltr'><strong>ad</strong></span> <span class='ocrx_word' id='word_1_57' title='bbox 879 1650 1044 1714; x_wconf 86' lang='lat' dir='ltr'><strong>sanitatem</strong></span> <span class='ocrx_word' id='word_1_58' title='bbox 1061 1653 1217 1738; x_wconf 87' lang='lat' dir='ltr'><strong>corporis:</strong></span> 
     </span>
     <span class='ocr_line' id='line_1_10' title="bbox 267 1750 1220 1836; baseline 0.003 -22"><span class='ocrx_word' id='word_1_59' title='bbox 267 1754 405 1836; x_wconf 88' lang='lat' dir='ltr'><strong>primum</strong></span> <span class='ocrx_word' id='word_1_60' title='bbox 417 1751 691 1835; x_wconf 85' lang='lat' dir='ltr'><strong>excogitaverunt.</strong></span> <span class='ocrx_word' id='word_1_61' title='bbox 717 1751 765 1815; x_wconf 90' lang='lat' dir='ltr'><strong>Ut</strong></span> <span class='ocrx_word' id='word_1_62' title='bbox 782 1764 889 1816; x_wconf 89' lang='lat' dir='ltr'><strong>autem</strong></span> <span class='ocrx_word' id='word_1_63' title='bbox 902 1750 971 1814; x_wconf 86' lang='lat' dir='ltr'><strong>istae</strong></span> <span class='ocrx_word' id='word_1_64' title='bbox 983 1752 1220 1817; x_wconf 88' lang='lat' dir='ltr'><strong>convenientius</strong></span> 
     </span>
     <span class='ocr_line' id='line_1_11' title="bbox 267 1849 1221 1938; baseline 0.002 -23"><span class='ocrx_word' id='word_1_65' title='bbox 267 1862 299 1917; x_wconf 87' lang='lat' dir='ltr'><strong>et</strong></span> <span class='ocrx_word' id='word_1_66' title='bbox 312 1851 437 1917; x_wconf 80' lang='lat' dir='ltr'><strong>facilius</strong></span> <span class='ocrx_word' id='word_1_67' title='bbox 456 1851 707 1928; x_wconf 83' lang='lat' dir='ltr'><strong>addiscerentur,</strong></span> <span class='ocrx_word' id='word_1_68' title='bbox 724 1864 843 1935; x_wconf 87' lang='lat' dir='ltr'><strong>septem</strong></span> <span class='ocrx_word' id='word_1_69' title='bbox 866 1849 1011 1915; x_wconf 91' lang='lat' dir='ltr'><strong>liberales</strong></span> <span class='ocrx_word' id='word_1_70' title='bbox 1030 1866 1124 1928; x_wconf 89' lang='lat' dir='ltr'><strong>artes,</strong></span> <span class='ocrx_word' id='word_1_71' title='bbox 1140 1876 1221 1938; x_wconf 91' lang='lat' dir='ltr'><strong>quas</strong></span> 
     </span>
     <span class='ocr_line' id='line_1_12' title="bbox 268 1950 1218 2037; baseline 0.001 -20"><span class='ocrx_word' id='word_1_72' title='bbox 268 1953 472 2037; x_wconf 84' lang='lat' dir='ltr'><strong>postmodum</strong></span> <span class='ocrx_word' id='word_1_73' title='bbox 497 1954 698 2028; x_wconf 90' lang='lat' dir='ltr'><strong>invenerunt,</strong></span> <span class='ocrx_word' id='word_1_74' title='bbox 727 1952 767 2015; x_wconf 87' lang='lat' dir='ltr'><strong>ad</strong></span> <span class='ocrx_word' id='word_1_75' title='bbox 796 1950 1062 2017; x_wconf 81' lang='lat' dir='ltr'><strong>introductionem</strong></span> <span class='ocrx_word' id='word_1_76' title='bbox 1089 1954 1218 2018; x_wconf 83' lang='lat' dir='ltr'><strong>illarum</strong></span> 
     </span>
     <span class='ocr_line' id='line_1_13' title="bbox 267 2051 1219 2138; baseline 0.003 -23"><span class='ocrx_word' id='word_1_77' title='bbox 267 2052 499 2138; x_wconf 73' lang='lat' dir='ltr'><strong>praemiserunt.</strong></span> <span class='ocrx_word' id='word_1_78' title='bbox 546 2057 616 2118; x_wconf 89' lang='lat' dir='ltr'><strong>Has</strong></span> <span class='ocrx_word' id='word_1_79' title='bbox 630 2051 731 2136; x_wconf 76' lang='lat' dir='ltr'><strong>igitur</strong></span> <span class='ocrx_word' id='word_1_80' title='bbox 752 2074 863 2115; x_wconf 89' lang='lat' dir='ltr'><strong>novem</strong></span> <span class='ocrx_word' id='word_1_81' title='bbox 885 2053 1032 2118; x_wconf 86' lang='lat' dir='ltr'><strong>scientias</strong></span> <span class='ocrx_word' id='word_1_82' title='bbox 1046 2054 1118 2117; x_wconf 92' lang='lat' dir='ltr'><strong>ideo</strong></span> <span class='ocrx_word' id='word_1_83' title='bbox 1133 2055 1219 2119; x_wconf 87' lang='lat' dir='ltr'><strong>inve-</strong></span> 
     </span>
     <span class='ocr_line' id='line_1_14' title="bbox 268 2154 1221 2239; baseline 0.005 -21"><span class='ocrx_word' id='word_1_84' title='bbox 268 2168 384 2219; x_wconf 89' lang='lat' dir='ltr'><strong>nerunt</strong></span> <span class='ocrx_word' id='word_1_85' title='bbox 409 2167 441 2218; x_wconf 91' lang='lat' dir='ltr'><strong>et</strong></span> <span class='ocrx_word' id='word_1_86' title='bbox 464 2154 671 2237; x_wconf 80' lang='lat' dir='ltr'><strong>scripserunt,</strong></span> <span class='ocrx_word' id='word_1_87' title='bbox 697 2167 734 2218; x_wconf 91' lang='lat' dir='ltr'><strong>ut</strong></span> <span class='ocrx_word' id='word_1_88' title='bbox 757 2176 862 2217; x_wconf 89' lang='lat' dir='ltr'><strong>rerum</strong></span> <span class='ocrx_word' id='word_1_89' title='bbox 886 2155 1097 2239; x_wconf 85' lang='lat' dir='ltr'><strong>cognitionem</strong></span> <span class='ocrx_word' id='word_1_90' title='bbox 1124 2156 1221 2223; x_wconf 78' lang='lat' dir='ltr'><strong>liabe-</strong></span> 
     </span>
     <span class='ocr_line' id='line_1_15' title="bbox 270 2255 1220 2342; baseline 0.005 -24"><span class='ocrx_word' id='word_1_91' title='bbox 270 2268 351 2332; x_wconf 86' lang='lat' dir='ltr'><strong>rent,</strong></span> <span class='ocrx_word' id='word_1_92' title='bbox 374 2268 406 2320; x_wconf 90' lang='lat' dir='ltr'><strong>et</strong></span> <span class='ocrx_word' id='word_1_93' title='bbox 428 2277 539 2318; x_wconf 83' lang='lat' dir='ltr'><strong>causas</strong></span> <span class='ocrx_word' id='word_1_94' title='bbox 561 2277 669 2318; x_wconf 87' lang='lat' dir='ltr'><strong>earum</strong></span> <span class='ocrx_word' id='word_1_95' title='bbox 692 2269 724 2320; x_wconf 91' lang='lat' dir='ltr'><strong>et</strong></span> <span class='ocrx_word' id='word_1_96' title='bbox 744 2255 897 2341; x_wconf 87' lang='lat' dir='ltr'><strong>originem</strong></span> <span class='ocrx_word' id='word_1_97' title='bbox 921 2258 1129 2342; x_wconf 87' lang='lat' dir='ltr'><strong>perciperent.</strong></span> <span class='ocrx_word' id='word_1_98' title='bbox 1176 2261 1220 2323; x_wconf 88' lang='lat' dir='ltr'><strong>Et</strong></span> 
     </span>
     <span class='ocr_line' id='line_1_16' title="bbox 269 2354 1218 2441; baseline 0.004 -22"><span class='ocrx_word' id='word_1_99' title='bbox 269 2354 414 2441; x_wconf 84' lang='lat' dir='ltr'><strong>quamvis</strong></span> <span class='ocrx_word' id='word_1_100' title='bbox 437 2354 531 2419; x_wconf 91' lang='lat' dir='ltr'><strong>multi</strong></span> <span class='ocrx_word' id='word_1_101' title='bbox 558 2354 704 2419; x_wconf 88' lang='lat' dir='ltr'><strong>scientias</strong></span> <span class='ocrx_word' id='word_1_102' title='bbox 732 2354 803 2419; x_wconf 88' lang='lat' dir='ltr'><strong>illas</strong></span> <span class='ocrx_word' id='word_1_103' title='bbox 833 2355 951 2441; x_wconf 85' lang='lat' dir='ltr'><strong>legant,</strong></span> <span class='ocrx_word' id='word_1_104' title='bbox 978 2380 1082 2422; x_wconf 89' lang='lat' dir='ltr'><strong>rerum</strong></span> <span class='ocrx_word' id='word_1_105' title='bbox 1115 2373 1218 2423; x_wconf 88' lang='lat' dir='ltr'><strong>tamen</strong></span> 
     </span>
     <span class='ocr_line' id='line_1_17' title="bbox 269 2454 1221 2544; baseline 0.005 -25"><span class='ocrx_word' id='word_1_106' title='bbox 269 2479 381 2522; x_wconf 76' lang='lat' dir='ltr'><strong>causes</strong></span> <span class='ocrx_word' id='word_1_107' title='bbox 408 2470 441 2520; x_wconf 89' lang='lat' dir='ltr'><strong>et</strong></span> <span class='ocrx_word' id='word_1_108' title='bbox 467 2454 624 2541; x_wconf 89' lang='lat' dir='ltr'><strong>principia</strong></span> <span class='ocrx_word' id='word_1_109' title='bbox 648 2456 808 2541; x_wconf 83' lang='lat' dir='ltr'><strong>ignorant,</strong></span> <span class='ocrx_word' id='word_1_110' title='bbox 833 2471 964 2543; x_wconf 89' lang='lat' dir='ltr'><strong>propter</strong></span> <span class='ocrx_word' id='word_1_111' title='bbox 978 2480 1059 2544; x_wconf 87' lang='lat' dir='ltr'><strong>quas</strong></span> <span class='ocrx_word' id='word_1_112' title='bbox 1082 2460 1221 2524; x_wconf 72' lang='lat' dir='ltr'><strong>scientim</strong></span> 
     </span>
     <span class='ocr_line' id='line_1_18' title="bbox 268 2556 1220 2624; baseline 0.005 -5"><span class='ocrx_word' id='word_1_113' title='bbox 268 2556 331 2622; x_wconf 84' lang='lat' dir='ltr'><strong>illae</strong></span> <span class='ocrx_word' id='word_1_114' title='bbox 360 2556 497 2620; x_wconf 69' lang='lat' dir='ltr'><strong>inventae</strong></span> <span class='ocrx_word' id='word_1_115' title='bbox 526 2570 625 2621; x_wconf 91' lang='lat' dir='ltr'><strong>erant.</strong></span> <span class='ocrx_word' id='word_1_116' title='bbox 679 2560 740 2622; x_wconf 89' lang='lat' dir='ltr'><strong>Est</strong></span> <span class='ocrx_word' id='word_1_117' title='bbox 770 2572 874 2622; x_wconf 85' lang='lat' dir='ltr'><strong>autem</strong></span> <span class='ocrx_word' id='word_1_118' title='bbox 914 2581 1009 2622; x_wconf 79' lang='lat' dir='ltr'><strong>causa</strong></span> <span class='ocrx_word' id='word_1_119' title='bbox 1045 2560 1220 2624; x_wconf 87' lang='lat' dir='ltr'><strong>secundum</strong></span> 
     </span>
     <span class='ocr_line' id='line_1_19' title="bbox 272 2657 1221 2744; baseline 0.003 -22"><span class='ocrx_word' id='word_1_120' title='bbox 272 2658 469 2722; x_wconf 87' lang='lat' dir='ltr'><strong>Mercurium</strong></span> <span class='ocrx_word' id='word_1_121' title='bbox 500 2657 587 2742; x_wconf 88' lang='lat' dir='ltr'><strong>quod</strong></span> <span class='ocrx_word' id='word_1_122' title='bbox 614 2672 663 2723; x_wconf 88' lang='lat' dir='ltr'><strong>est</strong></span> <span class='ocrx_word' id='word_1_123' title='bbox 689 2658 771 2723; x_wconf 90' lang='lat' dir='ltr'><strong>inter</strong></span> <span class='ocrx_word' id='word_1_124' title='bbox 796 2659 900 2742; x_wconf 89' lang='lat' dir='ltr'><strong>prima</strong></span> <span class='ocrx_word' id='word_1_125' title='bbox 930 2658 1121 2744; x_wconf 89' lang='lat' dir='ltr'><strong>principium</strong></span> <span class='ocrx_word' id='word_1_126' title='bbox 1148 2661 1221 2725; x_wconf 90' lang='lat' dir='ltr'><strong>sub-</strong></span> 
     </span>
     <span class='ocr_line' id='line_1_20' title="bbox 270 2756 1222 2841; baseline -0.002 -17"><span class='ocrx_word' id='word_1_127' title='bbox 270 2760 395 2824; x_wconf 69' lang='lat' dir='ltr'><strong>stantiae</strong></span> <span class='ocrx_word' id='word_1_128' title='bbox 411 2780 473 2821; x_wconf 91' lang='lat' dir='ltr'><strong>non</strong></span> <span class='ocrx_word' id='word_1_129' title='bbox 489 2757 683 2823; x_wconf 86' lang='lat' dir='ltr'><strong>necessitatis</strong></span> <span class='ocrx_word' id='word_1_130' title='bbox 695 2757 815 2821; x_wconf 86' lang='lat' dir='ltr'><strong>ratione</strong></span> <span class='ocrx_word' id='word_1_131' title='bbox 830 2779 923 2821; x_wconf 89' lang='lat' dir='ltr'><strong>suum</strong></span> <span class='ocrx_word' id='word_1_132' title='bbox 937 2756 1117 2841; x_wconf 68' lang='lat' dir='ltr'><strong>precedens</strong></span> <span class='ocrx_word' id='word_1_133' title='bbox 1132 2758 1222 2822; x_wconf 86' lang='lat' dir='ltr'><strong>effec-</strong></span> 
     </span>
     <span class='ocr_line' id='line_1_21' title="bbox 271 2857 1222 2945; baseline -0.002 -21"><span class='ocrx_word' id='word_1_134' title='bbox 271 2873 349 2924; x_wconf 90' lang='lat' dir='ltr'><strong>tum.</strong></span> <span class='ocrx_word' id='word_1_135' title='bbox 396 2862 477 2924; x_wconf 81' lang='lat' dir='ltr'><strong>Haec</strong></span> <span class='ocrx_word' id='word_1_136' title='bbox 499 2859 671 2945; x_wconf 88' lang='lat' dir='ltr'><strong>descriptio</strong></span> <span class='ocrx_word' id='word_1_137' title='bbox 690 2857 837 2921; x_wconf 87' lang='lat' dir='ltr'><strong>convenit</strong></span> <span class='ocrx_word' id='word_1_138' title='bbox 858 2857 942 2920; x_wconf 87' lang='lat' dir='ltr'><strong>omni</strong></span> <span class='ocrx_word' id='word_1_139' title='bbox 964 2880 1068 2920; x_wconf 69' lang='lat' dir='ltr'><strong>causae</strong></span> <span class='ocrx_word' id='word_1_140' title='bbox 1089 2859 1222 2942; x_wconf 88' lang='lat' dir='ltr'><strong>primor-</strong></span> 
     </span>
     <span class='ocr_line' id='line_1_22' title="bbox 271 2957 1224 3046; baseline -0.002 -21"><span class='ocrx_word' id='word_1_141' title='bbox 271 2961 359 3037; x_wconf 88' lang='lat' dir='ltr'><strong>diali,</strong></span> <span class='ocrx_word' id='word_1_142' title='bbox 369 2959 403 3024; x_wconf 86' lang='lat' dir='ltr'><strong>id</strong></span> <span class='ocrx_word' id='word_1_143' title='bbox 416 2974 463 3024; x_wconf 89' lang='lat' dir='ltr'><strong>est</strong></span> <span class='ocrx_word' id='word_1_144' title='bbox 475 2960 560 3023; x_wconf 90' lang='lat' dir='ltr'><strong>omni</strong></span> <span class='ocrx_word' id='word_1_145' title='bbox 572 2959 738 3046; x_wconf 92' lang='lat' dir='ltr'><strong>principio.</strong></span> <span class='ocrx_word' id='word_1_146' title='bbox 769 2960 813 3022; x_wconf 88' lang='lat' dir='ltr'><strong>Et</strong></span> <span class='ocrx_word' id='word_1_147' title='bbox 826 2957 944 3022; x_wconf 88' lang='lat' dir='ltr'><strong>dicitur</strong></span> <span class='ocrx_word' id='word_1_148' title='bbox 956 2981 1051 3021; x_wconf 86' lang='lat' dir='ltr'><strong>causa</strong></span> <span class='ocrx_word' id='word_1_149' title='bbox 1062 2980 1081 3020; x_wconf 90' lang='lat' dir='ltr'><strong>a</strong></span> <span class='ocrx_word' id='word_1_150' title='bbox 1091 2980 1224 3040; x_wconf 77' lang='lat' dir='ltr'><strong>causon,</strong></span> 
     </span>
     <span class='ocr_line' id='line_1_23' title="bbox 269 3058 1220 3147; baseline -0.003 -21"><span class='ocrx_word' id='word_1_151' title='bbox 269 3063 357 3147; x_wconf 91' lang='lat' dir='ltr'><strong>quod</strong></span> <span class='ocrx_word' id='word_1_152' title='bbox 372 3073 419 3125; x_wconf 89' lang='lat' dir='ltr'><strong>est</strong></span> <span class='ocrx_word' id='word_1_153' title='bbox 435 3059 616 3140; x_wconf 91' lang='lat' dir='ltr'><strong>incendens,</strong></span> <span class='ocrx_word' id='word_1_154' title='bbox 627 3083 665 3123; x_wconf 93' lang='lat' dir='ltr'><strong>eo</strong></span> <span class='ocrx_word' id='word_1_155' title='bbox 681 3059 769 3144; x_wconf 90' lang='lat' dir='ltr'><strong>quod</strong></span> <span class='ocrx_word' id='word_1_156' title='bbox 786 3080 878 3124; x_wconf 89' lang='lat' dir='ltr'><strong>suum</strong></span> <span class='ocrx_word' id='word_1_157' title='bbox 890 3059 1039 3122; x_wconf 83' lang='lat' dir='ltr'><strong>effectum</strong></span> <span class='ocrx_word' id='word_1_158' title='bbox 1055 3058 1220 3133; x_wconf 62' lang='lat' dir='ltr'><strong>incendam</strong></span> 
     </span>
     <span class='ocr_line' id='line_1_24' title="bbox 272 3157 1221 3245; baseline -0.005 -18"><span class='ocrx_word' id='word_1_159' title='bbox 272 3177 309 3227; x_wconf 91' lang='lat' dir='ltr'><strong>ut</strong></span> <span class='ocrx_word' id='word_1_160' title='bbox 345 3161 378 3225; x_wconf 93' lang='lat' dir='ltr'><strong>in</strong></span> <span class='ocrx_word' id='word_1_161' title='bbox 410 3159 549 3245; x_wconf 88' lang='lat' dir='ltr'><strong>aliquam</strong></span> <span class='ocrx_word' id='word_1_162' title='bbox 587 3159 797 3224; x_wconf 89' lang='lat' dir='ltr'><strong>substantiam</strong></span> <span class='ocrx_word' id='word_1_163' title='bbox 835 3170 984 3221; x_wconf 83' lang='lat' dir='ltr'><strong>transeat.</strong></span> <span class='ocrx_word' id='word_1_164' title='bbox 1042 3157 1221 3225; x_wconf 91' lang='lat' dir='ltr'><strong>Secundum</strong></span> 
     </span>
     <span class='ocr_line' id='line_1_25' title="bbox 269 3257 1223 3345; baseline 0 -19"><span class='ocrx_word' id='word_1_165' title='bbox 269 3262 410 3326; x_wconf 88' lang='lat' dir='ltr'><strong>diversos</strong></span> <span class='ocrx_word' id='word_1_166' title='bbox 432 3273 589 3337; x_wconf 80' lang='lat' dir='ltr'><strong>suctores,</strong></span> <span class='ocrx_word' id='word_1_167' title='bbox 605 3273 724 3345; x_wconf 88' lang='lat' dir='ltr'><strong>septem</strong></span> <span class='ocrx_word' id='word_1_168' title='bbox 750 3269 826 3321; x_wconf 88' lang='lat' dir='ltr'><strong>sunt</strong></span> <span class='ocrx_word' id='word_1_169' title='bbox 849 3278 953 3321; x_wconf 91' lang='lat' dir='ltr'><strong>rerum</strong></span> <span class='ocrx_word' id='word_1_170' title='bbox 977 3257 1134 3344; x_wconf 85' lang='lat' dir='ltr'><strong>principia</strong></span> <span class='ocrx_word' id='word_1_171' title='bbox 1150 3283 1223 3344; x_wconf 81' lang='lat' dir='ltr'><strong>quae</strong></span> 
     </span>
     <span class='ocr_line' id='line_1_26' title="bbox 272 3358 1224 3446; baseline -0.002 -18"><span class='ocrx_word' id='word_1_172' title='bbox 272 3361 424 3428; x_wconf 90' lang='lat' dir='ltr'><strong>dicuntur</strong></span> <span class='ocrx_word' id='word_1_173' title='bbox 449 3383 554 3424; x_wconf 86' lang='lat' dir='ltr'><strong>causae</strong></span> <span class='ocrx_word' id='word_1_174' title='bbox 580 3358 819 3444; x_wconf 57' lang='lat' dir='ltr'><strong>primordialem</strong></span> <span class='ocrx_word' id='word_1_175' title='bbox 855 3358 1028 3422; x_wconf 90' lang='lat' dir='ltr'><strong>secundum</strong></span> <span class='ocrx_word' id='word_1_176' title='bbox 1060 3358 1224 3446; x_wconf 82' lang='lat' dir='ltr'><strong>theologos</strong></span> 
     </span>
     <span class='ocr_line' id='line_1_27' title="bbox 273 3458 1225 3548; baseline -0.012 -20"><span class='ocrx_word' id='word_1_177' title='bbox 273 3485 372 3528; x_wconf 91' lang='lat' dir='ltr'><strong>unum</strong></span> <span class='ocrx_word' id='word_1_178' title='bbox 388 3475 435 3526; x_wconf 90' lang='lat' dir='ltr'><strong>est</strong></span> <span class='ocrx_word' id='word_1_179' title='bbox 452 3461 656 3548; x_wconf 91' lang='lat' dir='ltr'><strong>principium,</strong></span> <span class='ocrx_word' id='word_1_180' title='bbox 675 3464 764 3524; x_wconf 89' lang='lat' dir='ltr'><strong>Deus</strong></span> <span class='ocrx_word' id='word_1_181' title='bbox 780 3462 914 3524; x_wconf 87' lang='lat' dir='ltr'><strong>Creator</strong></span> <span class='ocrx_word' id='word_1_182' title='bbox 927 3458 1090 3533; x_wconf 68' lang='lat' dir='ltr'><strong>omnium</strong></span> <span class='ocrx_word' id='word_1_183' title='bbox 1115 3483 1225 3527; x_wconf 88' lang='lat' dir='ltr'><strong>secun.</strong></span> 
     </span>
     <span class='ocr_line' id='line_1_28' title="bbox 273 3561 1225 3650; baseline -0.001 -20"><span class='ocrx_word' id='word_1_184' title='bbox 273 3566 350 3630; x_wconf 92' lang='lat' dir='ltr'><strong>dum</strong></span> <span class='ocrx_word' id='word_1_185' title='bbox 372 3563 533 3650; x_wconf 87' lang='lat' dir='ltr'><strong>physicos,</strong></span> <span class='ocrx_word' id='word_1_186' title='bbox 550 3563 611 3627; x_wconf 86' lang='lat' dir='ltr'><strong>tria</strong></span> <span class='ocrx_word' id='word_1_187' title='bbox 628 3575 702 3626; x_wconf 90' lang='lat' dir='ltr'><strong>sunt</strong></span> <span class='ocrx_word' id='word_1_188' title='bbox 725 3561 891 3647; x_wconf 87' lang='lat' dir='ltr'><strong>principia,</strong></span> <span class='ocrx_word' id='word_1_189' title='bbox 907 3565 1049 3638; x_wconf 83' lang='lat' dir='ltr'><strong>materia,</strong></span> <span class='ocrx_word' id='word_1_190' title='bbox 1064 3563 1176 3639; x_wconf 86' lang='lat' dir='ltr'><strong>forma,</strong></span> <span class='ocrx_word' id='word_1_191' title='bbox 1193 3579 1225 3630; x_wconf 87' lang='lat' dir='ltr'><strong>et</strong></span> 
     </span>
     <span class='ocr_line' id='line_1_29' title="bbox 272 3662 1224 3753; baseline -0.002 -21"><span class='ocrx_word' id='word_1_192' title='bbox 272 3667 404 3753; x_wconf 88' lang='lat' dir='ltr'><strong>spiritus</strong></span> <span class='ocrx_word' id='word_1_193' title='bbox 418 3677 554 3740; x_wconf 88' lang='lat' dir='ltr'><strong>creatus,</strong></span> <span class='ocrx_word' id='word_1_194' title='bbox 566 3662 599 3726; x_wconf 92' lang='lat' dir='ltr'><strong>id</strong></span> <span class='ocrx_word' id='word_1_195' title='bbox 616 3677 663 3727; x_wconf 91' lang='lat' dir='ltr'><strong>est</strong></span> <span class='ocrx_word' id='word_1_196' title='bbox 679 3677 811 3734; x_wconf 83' lang='lat' dir='ltr'><strong>natura;</strong></span> <span class='ocrx_word' id='word_1_197' title='bbox 836 3664 1011 3726; x_wconf 88' lang='lat' dir='ltr'><strong>secundum</strong></span> <span class='ocrx_word' id='word_1_198' title='bbox 1028 3665 1224 3731; x_wconf 88' lang='lat' dir='ltr'><strong>Mercurium</strong></span> 
     </span>
     <span class='ocr_line' id='line_1_30' title="bbox 272 3763 1225 3852; baseline 0.002 -22"><span class='ocrx_word' id='word_1_199' title='bbox 272 3781 423 3852; x_wconf 86' lang='lat' dir='ltr'><strong>quatuor,</strong></span> <span class='ocrx_word' id='word_1_200' title='bbox 450 3764 501 3829; x_wconf 83' lang='lat' dir='ltr'><strong>lex</strong></span> <span class='ocrx_word' id='word_1_201' title='bbox 531 3778 701 3843; x_wconf 86' lang='lat' dir='ltr'><strong>astrorum,</strong></span> <span class='ocrx_word' id='word_1_202' title='bbox 725 3778 850 3843; x_wconf 90' lang='lat' dir='ltr'><strong>natura,</strong></span> <span class='ocrx_word' id='word_1_203' title='bbox 876 3763 1028 3840; x_wconf 90' lang='lat' dir='ltr'><strong>mundus,</strong></span> <span class='ocrx_word' id='word_1_204' title='bbox 1055 3778 1087 3829; x_wconf 87' lang='lat' dir='ltr'><strong>et</strong></span> <span class='ocrx_word' id='word_1_205' title='bbox 1113 3767 1225 3831; x_wconf 91' lang='lat' dir='ltr'><strong>mundi</strong></span> 
     </span>
     <span class='ocr_line' id='line_1_31' title="bbox 274 3865 1224 3955; baseline -0.004 -21"><span class='ocrx_word' id='word_1_206' title='bbox 274 3869 428 3935; x_wconf 87' lang='lat' dir='ltr'><strong>machina.</strong></span> <span class='ocrx_word' id='word_1_207' title='bbox 475 3871 525 3932; x_wconf 89' lang='lat' dir='ltr'><strong>Dc</strong></span> <span class='ocrx_word' id='word_1_208' title='bbox 545 3867 649 3951; x_wconf 90' lang='lat' dir='ltr'><strong>primo</strong></span> <span class='ocrx_word' id='word_1_209' title='bbox 669 3865 842 3950; x_wconf 88' lang='lat' dir='ltr'><strong>principio;</strong></span> <span class='ocrx_word' id='word_1_210' title='bbox 867 3865 944 3931; x_wconf 90' lang='lat' dir='ltr'><strong>dicit</strong></span> <span class='ocrx_word' id='word_1_211' title='bbox 960 3867 1107 3931; x_wconf 80' lang='lat' dir='ltr'><strong>Clemens</strong></span> <span class='ocrx_word' id='word_1_212' title='bbox 1123 3891 1224 3955; x_wconf 70' lang='lat' dir='ltr'><strong>papst</strong></span> 
     </span>
     <span class='ocr_line' id='line_1_32' title="bbox 273 3964 1228 4052; baseline -0.002 -17"><span class='ocrx_word' id='word_1_213' title='bbox 273 3975 382 4045; x_wconf 88' lang='lat' dir='ltr'><strong>Quum</strong></span> <span class='ocrx_word' id='word_1_214' title='bbox 404 3969 445 4032; x_wconf 89' lang='lat' dir='ltr'><strong>ad</strong></span> <span class='ocrx_word' id='word_1_215' title='bbox 465 3964 731 4033; x_wconf 83' lang='lat' dir='ltr'><strong>considerandum</strong></span> <span class='ocrx_word' id='word_1_216' title='bbox 754 3965 832 4052; x_wconf 90' lang='lat' dir='ltr'><strong>quid</strong></span> <span class='ocrx_word' id='word_1_217' title='bbox 858 3967 949 4031; x_wconf 90' lang='lat' dir='ltr'><strong>Deus</strong></span> <span class='ocrx_word' id='word_1_218' title='bbox 968 3966 1010 4031; x_wconf 89' lang='lat' dir='ltr'><strong>sit</strong></span> <span class='ocrx_word' id='word_1_219' title='bbox 1025 3968 1092 4029; x_wconf 86' lang='lat' dir='ltr'><strong>acie</strong></span> <span class='ocrx_word' id='word_1_220' title='bbox 1112 3972 1228 4034; x_wconf 90' lang='lat' dir='ltr'><strong>mentis</strong></span> 
     </span>
     <span class='ocr_line' id='line_1_33' title="bbox 275 4067 1228 4153; baseline -0.004 -18"><span class='ocrx_word' id='word_1_221' title='bbox 275 4071 488 4136; x_wconf 89' lang='lat' dir='ltr'><strong>intendimus:</strong></span> <span class='ocrx_word' id='word_1_222' title='bbox 521 4068 662 4132; x_wconf 89' lang='lat' dir='ltr'><strong>discedat</strong></span> <span class='ocrx_word' id='word_1_223' title='bbox 685 4090 704 4130; x_wconf 89' lang='lat' dir='ltr'><strong>a</strong></span> <span class='ocrx_word' id='word_1_224' title='bbox 725 4068 831 4141; x_wconf 89' lang='lat' dir='ltr'><strong>corde,</strong></span> <span class='ocrx_word' id='word_1_225' title='bbox 853 4068 938 4153; x_wconf 88' lang='lat' dir='ltr'><strong>quis,</strong></span> <span class='ocrx_word' id='word_1_226' title='bbox 960 4067 1051 4153; x_wconf 89' lang='lat' dir='ltr'><strong>quid,</strong></span> <span class='ocrx_word' id='word_1_227' title='bbox 1077 4068 1144 4143; x_wconf 93' lang='lat' dir='ltr'><strong>ubi,</strong></span> <span class='ocrx_word' id='word_1_228' title='bbox 1172 4091 1228 4131; x_wconf 92' lang='lat' dir='ltr'><strong>nec</strong></span> 
     </span>
     <span class='ocr_line' id='line_1_34' title="bbox 273 4167 1229 4259; baseline -0.003 -23"><span class='ocrx_word' id='word_1_229' title='bbox 273 4195 397 4259; x_wconf 90' lang='lat' dir='ltr'><strong>semper</strong></span> <span class='ocrx_word' id='word_1_230' title='bbox 412 4194 469 4235; x_wconf 89' lang='lat' dir='ltr'><strong>nec</strong></span> <span class='ocrx_word' id='word_1_231' title='bbox 486 4171 606 4254; x_wconf 90' lang='lat' dir='ltr'><strong>ubique</strong></span> <span class='ocrx_word' id='word_1_232' title='bbox 617 4173 751 4233; x_wconf 87' lang='lat' dir='ltr'><strong>essentia</strong></span> <span class='ocrx_word' id='word_1_233' title='bbox 766 4182 823 4234; x_wconf 90' lang='lat' dir='ltr'><strong>est.</strong></span> <span class='ocrx_word' id='word_1_234' title='bbox 854 4170 904 4231; x_wconf 89' lang='lat' dir='ltr'><strong>De</strong></span> <span class='ocrx_word' id='word_1_235' title='bbox 919 4167 1029 4230; x_wconf 91' lang='lat' dir='ltr'><strong>eodem</strong></span> <span class='ocrx_word' id='word_1_236' title='bbox 1045 4167 1229 4233; x_wconf 87' lang='lat' dir='ltr'><strong>Heraclitus</strong></span> 
     </span>
     <span class='ocr_line' id='line_1_35' title="bbox 273 4268 1229 4359; baseline -0.001 -23"><span class='ocrx_word' id='word_1_237' title='bbox 273 4274 443 4359; x_wconf 86' lang='lat' dir='ltr'><strong>physicus:</strong></span> <span class='ocrx_word' id='word_1_238' title='bbox 483 4277 573 4337; x_wconf 87' lang='lat' dir='ltr'><strong>Deus</strong></span> <span class='ocrx_word' id='word_1_239' title='bbox 603 4283 650 4335; x_wconf 89' lang='lat' dir='ltr'><strong>est</strong></span> <span class='ocrx_word' id='word_1_240' title='bbox 680 4270 816 4334; x_wconf 88' lang='lat' dir='ltr'><strong>essentia</strong></span> <span class='ocrx_word' id='word_1_241' title='bbox 845 4269 951 4333; x_wconf 85' lang='lat' dir='ltr'><strong>mariti</strong></span> <span class='ocrx_word' id='word_1_242' title='bbox 977 4268 1053 4352; x_wconf 87' lang='lat' dir='ltr'><strong>jure</strong></span> <span class='ocrx_word' id='word_1_243' title='bbox 1088 4268 1229 4335; x_wconf 84' lang='lat' dir='ltr'><strong>materiae</strong></span> 
     </span>
     <span class='ocr_line' id='line_1_36' title="bbox 270 4368 1232 4458; baseline -0.005 -22"><span class='ocrx_word' id='word_1_244' title='bbox 270 4372 431 4458; x_wconf 88' lang='lat' dir='ltr'><strong>copulata,</strong></span> <span class='ocrx_word' id='word_1_245' title='bbox 448 4372 540 4456; x_wconf 89' lang='lat' dir='ltr'><strong>cujus</strong></span> <span class='ocrx_word' id='word_1_246' title='bbox 556 4392 659 4436; x_wconf 84' lang='lat' dir='ltr'><strong>semen</strong></span> <span class='ocrx_word' id='word_1_247' title='bbox 676 4382 724 4433; x_wconf 86' lang='lat' dir='ltr'><strong>cst</strong></span> <span class='ocrx_word' id='word_1_248' title='bbox 740 4383 865 4433; x_wconf 83' lang='lat' dir='ltr'><strong>natura.</strong></span> <span class='ocrx_word' id='word_1_249' title='bbox 899 4368 988 4431; x_wconf 89' lang='lat' dir='ltr'><strong>EtB</strong></span> <span class='ocrx_word' id='word_1_250' title='bbox 993 4411 1125 4428; x_wconf 84' lang='lat'><strong>......</strong></span> <span class='ocrx_word' id='word_1_251' title='bbox 1143 4369 1232 4431; x_wconf 89' lang='lat' dir='ltr'><strong>Deus</strong></span> 
     </span>
    </p>
   </div>
   <div class='ocr_carea' id='block_1_3' title="bbox 0 0 1504 5592">
    <p class='ocr_par' dir='ltr' id='par_1_3' title="bbox 0 0 1504 5592">
     <span class='ocr_line' id='line_1_37' title="bbox 0 0 1504 5592; baseline 0 0"><span class='ocrx_word' id='word_1_252' title='bbox 0 0 1504 5592; x_wconf 95' lang='lat' dir='ltr'><strong> </strong></span> 
     </span>
    </p>
   </div>
  </div>
 </body>
</html>
