2992 5592
266 824 332 869 cie.
349 801 463 881 xx1v.]
655 821 897 866 uarasoorccs.
1181 813 1223 870 59

265 986 372 1039 autem
404 970 449 1036 ad
472 969 670 1058 splendorem
700 971 750 1036 sui
777 972 894 1059 operis,
920 972 1057 1040 alienum
1081 996 1222 1060 pannum

267 1086 423 1149 assuerat,
462 1071 697 1158 deprehensum
735 1072 949 1158 redarguebat
985 1077 1128 1139 furtum:
1166 1075 1222 1139 sed

268 1180 394 1263 paenam
419 1173 593 1259 saepissirne
623 1196 685 1237 nou
717 1171 891 1258 infligebat.
938 1174 989 1239 Sic
1018 1197 1093 1239 vero
1115 1175 1223 1240 redar-

268 1295 396 1365 gutum,
415 1281 443 1343 si
459 1278 520 1341 boc
541 1287 646 1342 tamen
670 1289 828 1341 meruerat
850 1278 957 1365 inepta
973 1278 1099 1363 positio,
1113 1279 1154 1343 ad
1170 1303 1225 1345 ex·

269 1379 469 1468 primendam
485 1393 653 1444 auctorum
670 1379 852 1463 imaginem,
866 1381 1009 1446 modesta
1024 1380 1225 1465 indulgentia

271 1481 479 1547 conscendere
504 1480 653 1566 jubebat,
683 1481 896 1567 faciebatque,
918 1491 970 1545 -ut
999 1481 1054 1567 qui
1091 1483 1226 1566 majores

271 1584 470 1661 imitabatur,
501 1582 591 1646 fieret
620 1583 756 1668 posteris
785 1582 969 1648 imitandus.
1026 1581 1066 1646 ld
1095 1605 1226 1668 quoque

271 1685 354 1750 inter
375 1683 481 1768 prima
502 1681 684 1747 rudimenta
705 1680 853 1761 docebat,
873 1695 905 1746 et
928 1682 1080 1767 infigebat
1102 1682 1227 1762 animis,

272 1806 344 1871 quae
360 1784 393 1849 in
408 1784 583 1848 oecouomia
597 1784 720 1856 virtus,
744 1804 817 1867 quae
831 1785 864 1846 in
880 1781 993 1847 decore
1013 1806 1131 1864 rerum,
1151 1804 1228 1868 quoe

274 1887 304 1951 in
320 1887 427 1951 verbis
443 1885 603 1950 laudanda
619 1899 712 1949 sunt:
738 1884 794 1949 ubi
805 1883 954 1962 tenuitas,
969 1898 1001 1950 et
1013 1885 1105 1972 quasi
1116 1885 1228 1949 macies

273 1986 438 2064 sermonis,
455 1987 511 2051 ubi
526 1988 617 2071 copia
632 1986 818 2072 probabilis,
835 1986 891 2050 ubi
906 1987 1072 2066 excedens,
1090 1988 1144 2052 ubi
1159 2010 1227 2051 orn·

275 2091 363 2155 nium
387 2089 513 2153 modus.
558 2088 730 2166 Historias,
753 2102 911 2173 poemata,
934 2088 1148 2174 percurrenda
1163 2112 1230 2153 rno-

274 2192 370 2256 uebat
386 2189 559 2276 diligenter
574 2189 717 2276 quidem,
733 2189 830 2275 etqui
844 2188 931 2255 velut
941 2190 1039 2255 nullis
1050 2191 1228 2256 calcaribus

278 2292 476 2378 urgebantur
495 2291 536 2355 ad
559 2291 691 2376 fugam:
716 2305 748 2356 et
764 2315 803 2355 ex
822 2292 967 2376 singulis,
982 2293 1105 2381 aliquid
1122 2316 1230 2358 recon-

277 2394 380 2459 ditum
404 2393 437 2457 in
461 2392 623 2468 memoria,
648 2392 801 2457 diurnum
828 2393 984 2473 debitum,
1008 2395 1154 2482 diligenti
1181 2395 1229 2459 iu·

277 2496 393 2561 stantia
407 2495 571 2580 exigebat.
606 2494 777 2581 Superflua
792 2509 896 2561 tamen
912 2497 1065 2584 fugienda
1081 2498 1227 2573 dicebat;

278 2612 308 2662 et
324 2621 363 2662 ea
378 2596 534 2675 sufficere,
549 2620 622 2683 quae
637 2620 657 2660 n
678 2596 771 2663 claris
792 2599 976 2663 auctoribus
996 2599 1115 2683 scripta
1135 2614 1229 2667 sunt:

277 2696 434 2786 siquidem
445 2702 593 2780 persequi
608 2700 687 2780 quid
701 2702 774 2781 quia
788 2721 935 2782 unquam
950 2703 1232 2783 contemptissimo·

278 2822 350 2865 rura
365 2802 532 2864 hominum
547 2802 675 2880 dicent,
690 2808 751 2864 cut
765 2804 870 2864 nimie
885 2804 1029 2881 misericr,
1044 2809 1105 2866 out
1118 2806 1233 2868 inania

273 2905 444 2984 jactantie
457 2909 516 2978 ast,
532 2909 564 2965 et
579 2903 710 2977 detinet,
727 2910 820 2986 atque
833 2905 940 2968 obruit
960 2906 1102 2986 ingenio,
1119 2908 1233 2969 melias

281 3009 355 3070 aliia
376 3012 557 3069 vacaturo.-
586 3007 798 3088 praedantem
825 3009 939 3071 melius
960 3009 1054 3082 tollit,
1076 3030 1111 3070 eo
1132 3027 1235 3087 usque

283 3128 350 3170 raon
362 3107 502 3188 prodest,
516 3106 604 3192 quod
620 3128 678 3170 nec
693 3107 769 3171 boni
788 3120 935 3171 censetur
958 3106 1102 3169 nornine:
1126 3128 1235 3171 omnes

286 3207 369 3271 enim
393 3207 522 3272 schedas
543 3222 705 3286 excutere,
728 3222 760 3272 et
784 3208 908 3272 volvere
931 3207 1114 3292 scripturas,
1138 3207 1233 3271 etiam

283 3311 418 3375 lectione
431 3312 590 3398 indignas,
614 3337 675 3377 non
697 3314 801 3398 magis
818 3311 858 3374 ad
876 3333 941 3374 rem
965 3310 1114 3396 pertinet,
1137 3332 1235 3396 quam

284 3413 424 3479 anilibus
438 3414 557 3478 tabulis
576 3437 703 3502 operam
727 3414 813 3478 dare.
860 3414 907 3477 Ut
926 3412 1069 3477 enimait
1091 3415 1234 3498 August.

284 3515 318 3578 in
334 3516 388 3580 lib.
405 3515 446 3579 de
460 3516 571 3581 ordine
587 3542 595 3581 ε
622 3521 704 3593 Quia
713 3520 809 3601 suot
823 3519 1006 3600 imperitum
1022 3519 1126 3581 videri
1139 3519 1237 3580 laomi-

284 3640 368 3698 nem,
387 3622 445 3701 qui
465 3622 584 3684 somate
605 3623 768 3685 Deciatum
788 3642 853 3684 non
875 3622 1038 3684 audierit:
1060 3623 1237 3685 mendacem

285 3724 453 3803 ilium,qui
467 3721 593 3795 dicerit,
604 3723 744 3799 stultum,
758 3724 814 3803 qui
820 3722 999 3796 crediderit,
1008 3724 1238 3805 impudentem,

287 3824 344 3903 qui
365 3824 625 3903 interrogaverit,
640 3842 707 3885 non
720 3824 853 3886 uideri?
897 3823 966 3885 Aut
988 3825 1102 3904 inquo
1116 3831 1238 3888 nostros

276 3925 467 4007 fermiliorea
477 3927 623 4006 ςναυὶιεν
646 3927 792 3988 miserari
806 3928 897 4000 soleo,
917 3928 969 4006 qui
982 3927 1012 3988 ai
1027 3946 1094 3988 raon
1109 3946 1239 4008 respon·

286 4027 395 4090 derint
409 4027 490 4108 quid
502 4034 613 4090 vocato
628 4029 672 4091 sit
687 4036 789 4090 mater
802 4027 956 4108 Euryali,
972 4034 1172 4090 accusantur
1187 4029 1239 4088 irt-

287 4132 403 4194 aeitiae:
426 4150 527 4211 quum
543 4131 606 4210 ipsi
620 4151 680 4209 eoa,
695 4153 715 4192 a
732 4130 846 4211 quibus
861 4131 1116 4210 interrogantur,
1129 4148 1238 4202 canos,

286 4231 424 4312 ineptos,
455 4237 487 4291 et
508 4232 658 4304 curiosos,
681 4250 747 4292 non
769 4229 913 4292 audeant
939 4230 1112 4310 appellare.
1158 4227 1240 4288 Haec

288 4329 419 4414 quidem
436 4328 500 4402 ille,
523 4328 693 4413 eleganter,
710 4344 742 4393 et
758 4351 840 4392 vere.
885 4328 983 4391 Unde
1003 4328 1086 4388 inter
1106 4324 1241 4388 virtutes

288 4431 489 4514 grammatici
512 4429 624 4494 merito
639 4440 820 4515 reputatam
843 4440 889 4494 eat
906 4431 945 4492 ab
959 4429 1114 4508 ‹ratiquin
1131 4428 1241 4508 oliqtm
