2992 5592
402 813 443 869 52
662 820 799 866 ausurus
815 817 1095 863 sanasnnamusrs
1231 802 1316 876 [nna.
1331 816 1353 861 1.

403 972 558 1040 similibus
573 969 635 1036 mei
651 970 787 1037 multum
804 992 866 1033 non
889 967 1030 1055 prodest.
1074 971 1218 1033 Exstant
1241 979 1355 1042 autem,

405 1099 478 1161 quae
493 1073 614 1138 discere
629 1073 682 1136 via
700 1073 884 1149 sufficimus,
896 1071 951 1135 sed
967 1071 1071 1135 minus
1086 1093 1245 1136 curamus.
1285 1073 1358 1134 Pro·

406 1179 535 1241 licerent
562 1188 667 1239 tamen
694 1174 866 1260 plurimum
893 1172 1012 1256 regulae
1039 1173 1272 1256 analogiarum,
1292 1187 1359 1257 ety-

407 1277 628 1362 mologiarum,
655 1276 892 1360 glossematum,
919 1274 1192 1348 differentiarum
1226 1290 1260 1341 et
1289 1298 1359 1362 quae

410 1380 617 1455 Barbarismi,
634 1377 820 1454 Soloecismi‚
835 1377 1035 1462 aliorumque
1058 1376 1264 1441 vitandorum
1286 1378 1361 1441 vitia

409 1493 603 1544 monstrant:
620 1477 875 1563 metaplasmum,
883 1477 1145 1562 schematumque
1154 1491 1186 1542 et
1198 1491 1359 1562 troporum

410 1581 589 1647 licentiosas
598 1594 629 1645 et
642 1593 770 1644 ornatas
778 1579 911 1643 edocent
924 1578 1071 1657 rationes,
1083 1601 1193 1665 prosas
1204 1582 1361 1666 aperiunt,

412 1697 585 1750 metrorum
607 1681 692 1767 leges
711 1682 863 1756 educunt,
878 1694 910 1744 et
930 1692 1095 1765 exponunt
1109 1703 1232 1758 causas,
1248 1695 1282 1747 et
1300 1704 1362 1768 qua

412 1786 535 1851 ratione
552 1784 599 1849 uti
621 1795 766 1869 oporteat
781 1782 812 1845 iu
828 1781 979 1856 historiis,
995 1793 1050 1845 aut
1069 1783 1305 1849 narrationibus
1319 1785 1363 1847 sa-

413 1888 545 1952 bulosis.
591 1890 625 1951 Si
643 1885 714 1970 quis
728 1885 862 1947 istorum
888 1882 1098 1960 definitiones,
1113 1883 1297 1971 figurasque
1312 1886 1364 1950 de-

412 1987 543 2059 uiderat,
567 1984 765 2069 superiorum
792 1983 1070 2068 grammaticorum
1095 1984 1194 2050 libros
1219 1986 1363 2053 evolvat:

414 2085 540 2173 quossi
562 2086 724 2151 universos
744 2086 784 2149 ad
809 2107 936 2149 manum
958 2085 1074 2150 habere
1096 2109 1159 2150 non
1182 2100 1298 2172 potest,
1313 2113 1365 2154 ex·

413 2188 516 2276 ploret
539 2188 617 2273 quid
640 2187 722 2252 scitu
744 2186 877 2272 dignum
904 2199 1015 2274 carpat
1040 2211 1059 2251 a
1084 2189 1229 2271 singulis.
1275 2193 1366 2271 Quia,

412 2290 473 2355 etsi
487 2312 554 2354 nou
569 2293 671 2353 omnir
685 2292 851 2354 adomnia
865 2311 1000 2373 quaeque
1022 2295 1117 2356 utilis
1130 2295 1310 2371 iuvenitur,
1326 2294 1366 2358 ad

415 2393 516 2457 multa
534 2392 676 2457 isidorus
691 2406 809 2470 tamen,
825 2407 855 2457 et
878 2394 954 2457 satis
976 2394 1152 2457 communis
1167 2409 1227 2471 est,
1242 2410 1276 2461 et
1297 2396 1367 2461 dili·

413 2499 504 2579 genti
516 2495 671 2559 brevitate
684 2494 865 2574 laudabilis,
875 2509 907 2558 et
920 2495 944 2558 si
958 2509 1044 2560 totus
1056 2495 1164 2560 haberi
1177 2520 1239 2562 non
1252 2512 1368 2585 potest,

414 2595 455 2659 ad
467 2594 707 2660 instructionem
721 2595 938 2679 legendorum,
951 2595 1122 2681 plurimum
1135 2599 1259 2663 confert
1270 2599 1368 2685 ipsius

415 2699 599 2763 memoriter
615 2698 664 2761 vel
681 2697 762 2761 hanc
778 2698 915 2762 tenuisse
932 2697 1132 2782 particulam.

416 2861 496 2947 Cap.
509 2867 561 2924 21.
586 2863 726 2936 Quantis
740 2863 819 2923 ciria
831 2862 1004 2944 placuerit,
1020 2869 1051 2925 ct
1065 2864 1151 2945 quod
1163 2866 1236 2928 sine
1250 2887 1289 2929 eo
1303 2886 1366 2928 nou

458 2966 564 3044 magis
579 2965 651 3046 quir
661 2965 884 3047 philosophari
895 2972 1011 3048 potest,
1026 2987 1123 3048 quam
1139 2969 1168 3028 si
1182 2971 1226 3030 sil
1239 2969 1367 3044 surdus,

459 3073 655 3131 autmutus.

463 3183 577 3251 ΡΛΤΕΤ
592 3208 631 3249 ex
649 3185 709 3261 his,
725 3207 787 3248 non
804 3185 887 3249 circa
903 3208 1000 3249 tinum
1022 3190 1262 3271 grammaticam
1278 3212 1368 3254 occu·

417 3287 507 3372 pari;
540 3286 594 3349 scd
619 3286 659 3349 ad
682 3287 801 3363 omnia,
824 3310 897 3371 quae
920 3287 1017 3350 verbo
1040 3287 1144 3352 doceri
1167 3304 1312 3376 possunt,
1334 3303 1368 3356 ut

417 3406 528 3450 eorum
541 3408 640 3471 capax
654 3386 705 3459 sit,
717 3391 858 3451 animum
872 3389 1089 3473 praeformare:
1115 3391 1200 3455 unde
1212 3407 1369 3479 quantum

418 3485 448 3547 ei
463 3504 571 3545 omnes
593 3482 664 3545 aliae
685 3483 860 3568 disciplina
881 3486 1031 3551 obnoxiae
1051 3488 1126 3566 sint,
1142 3495 1282 3578 quisque
1299 3516 1370 3558 oon·

418 3582 544 3648 sideret.
577 3580 630 3645 Ad
647 3582 773 3646 laudem
787 3607 876 3649 suam
892 3588 1094 3653 referendum
1106 3604 1223 3674 putant
1239 3594 1369 3680 quidam

419 3699 612 3764 nostrorum,
632 3685 719 3770 quod
743 3687 810 3750 sine
828 3690 1038 3773 grammatica
1058 3693 1218 3777 garriunt,
1239 3719 1371 3782 eamque

418 3784 554 3851 credunt
574 3787 730 3867 inutilem,
750 3803 780 3853 et
804 3790 909 3876 palam
932 3792 1075 3878 culpant,
1096 3795 1273 3879 gloriantes
1292 3823 1324 3864 se
1343 3800 1371 3864 ei

417 3910 546 3974 operam
564 3911 626 3952 non
642 3888 776 3956 dedisse.
821 3894 869 3954 At
889 3896 1023 3958 Marcus
1037 3895 1164 3961 Tullius
1185 3921 1248 3963 non
1263 3901 1372 3966 oderat

419 3989 533 4069 filium,
548 4013 567 4053 a
582 4013 648 4078 quo
662 3991 693 4054 in
711 3992 863 4079 epistolis,
877 3993 960 4058 sicut
975 4010 1120 4081 apparet,
1132 4003 1373 4082 grammaticam

418 4089 643 4158 instantissime
673 4094 833 4176 exigebat.
887 4094 985 4159 Caius
1017 4099 1125 4161 Coesar
1158 4100 1199 4164 de
1229 4103 1374 4190 analogia

416 4192 513 4257 libros
528 4193 648 4259 edidit:
677 4196 778 4257 sciens
799 4198 864 4258 sine
885 4216 933 4273 ea,
951 4221 1054 4284 neque
1078 4199 1118 4262 ad
1138 4203 1374 4292 philosophiam

420 4293 467 4372 (in
483 4315 547 4381 qua
563 4294 772 4381 peritissimus
787 4300 866 4376 erat)
885 4320 941 4361 nec
956 4296 996 4361 ad
1013 4298 1229 4386 eloquentiam
1249 4307 1295 4388 (in
1311 4330 1376 4394 qua

418 4395 681 4480 potentissimus)
706 4419 797 4482 posse
819 4398 1001 4485 quempiam
1026 4405 1202 4488 pervenire.
1249 4410 1377 4489 Quinti.
