2992 5592
270 803 336 850 cnr.
352 787 406 866 m]
640 803 877 853 nrurnnoorcos.
1174 801 1215 858 63

272 967 472 1040 ruptumque
488 951 660 1040 judicium.
706 957 839 1022 Constat
861 982 937 1046 ergo
952 962 1137 1028 exercitatio
1151 964 1221 1050 ejus

270 1055 299 1120 in
315 1056 471 1122 scrutinio
487 1056 644 1131 veritatis,
657 1079 739 1143 quae,
754 1060 836 1123 sicut
854 1059 920 1124 Cic.
937 1062 968 1125 in
985 1062 1040 1128 lib.
1055 1063 1095 1127 de
1110 1063 1221 1129 officiis

269 1174 379 1223 auctor
408 1171 470 1235 cst,
503 1158 635 1222 materia
664 1171 711 1222 est
742 1159 872 1226 virtutis
909 1165 1092 1247 primitivae,
1121 1190 1219 1253 quam

267 1259 468 1345 prudentiam
495 1274 628 1324 vocant:
660 1259 792 1346 reliquis
814 1261 896 1324 enim
925 1261 1028 1326 tribus
1055 1260 1221 1343 utilitates,

268 1362 545 1446 necessitatesque,
563 1361 715 1446 subjectae
736 1375 820 1427 sunt.
865 1363 1041 1427 Prudentia
1057 1387 1132 1428 vero
1153 1379 1221 1430 tota

267 1463 409 1527 consistit
425 1466 456 1527 in
473 1463 697 1548 perspicientia
710 1464 787 1540 veri,
800 1477 831 1527 et
843 1465 980 1550 quadam
999 1465 1125 1531 solertia
1138 1466 1220 1530 illud

267 1564 488 1629 examinandi:
514 1587 610 1651 porro
625 1563 754 1651 justitia
775 1564 856 1629 illud
881 1566 1106 1651 amplectitur:
1131 1568 1221 1632 forti·

268 1667 347 1732 tudo
374 1679 502 1732 tuetur:
536 1666 755 1754 temperantia,
783 1667 938 1731 virtutum
971 1668 1221 1751 praecedentium

267 1770 419 1834 exercitia
440 1769 637 1835 moderatur.
683 1769 780 1833 Unde
803 1768 904 1854 liquet
925 1768 1139 1856 prudentiam,
1159 1770 1221 1833 vir·

267 1885 373 1936 tutum
406 1869 548 1934 omnium
580 1894 646 1934 esse
672 1871 829 1943 radicem
862 1894 937 1955 quae
967 1871 993 1935 si
1018 1872 1221 1957 praecidatur,

267 1988 401 2054 caeterae,
417 1972 506 2037 velut
530 1974 607 2037 rami
632 1986 755 2038 naturae
779 1972 933 2037 beneficio
955 1973 1116 2051 destituti,
1139 1998 1221 2040 inar-

266 2081 336 2142 cida
358 2075 499 2163 quadam
523 2074 672 2141 ariditate
695 2090 899 2142 evanescunt.
943 2079 1023 2156 Quis
1044 2079 1128 2143 enirn
1154 2101 1223 2142 arn·

266 2179 424 2265 plectetur
439 2188 497 2242 aut
511 2176 605 2257 colet,
618 2179 704 2264 quod
720 2180 868 2264 ignorat?
893 2181 940 2244 At
952 2183 1078 2257 veritas,
1092 2180 1223 2245 materia

265 2296 311 2347 est
336 2279 529 2367 prudentiae,
554 2295 586 2346 et
613 2281 769 2348 virtutum
792 2282 881 2347 fons:
911 2306 1020 2369 quam,
1044 2284 1101 2369 qui
1128 2282 1220 2370 plene

268 2386 402 2462 noverit,
425 2386 550 2472 sapiens
569 2399 636 2459 est;
661 2389 717 2473 qui
740 2388 905 2463 amaverit,
922 2388 1036 2464 bonus,
1052 2403 1083 2454 et
1108 2389 1221 2453 beatus

268 2489 325 2574 qui
361 2488 502 2552 tenuerit
533 2511 614 2551 eam.
672 2489 769 2553 Uodc
804 2504 983 2554 nostrorum
1017 2490 1221 2555 doctissimus

267 2592 449 2666 Poetarum,
467 2590 542 2654 vitae
558 2589 661 2655 beatae
677 2604 858 2655 monstrans
873 2590 1040 2677 originem,
1057 2590 1120 2656 ait:

370 2747 449 2800 Felix
462 2748 505 2816 qui
518 2748 602 2817 potuit
613 2765 697 2800 rerum
708 2765 863 2813 cognoscere
875 2765 979 2799 causam

371 2833 462 2900 Atque
473 2838 558 2884 metue
569 2848 668 2894 ornnes,
681 2839 708 2883 et
719 2830 882 2884 inexorabile
892 2829 985 2894 satum,

371 2917 490 2988 Subjecit
501 2916 620 2988 pedibus,
631 2917 817 2987 strepitumque
830 2916 988 2969 Acherontis
1000 2919 1082 2970 arari.

272 3067 313 3133 Et
330 3069 411 3133 alius
422 3069 485 3134 lide
497 3081 529 3132 et
541 3068 655 3132 notitia
667 3067 807 3132 veritatis
816 3066 1033 3152 praestantior:
1059 3068 1153 3129 Felix
1164 3069 1221 3148 qui

271 3173 374 3253 potuit
393 3172 464 3234 boni
474 3173 601 3255 sontem
624 3174 724 3234 visere
746 3172 906 3232 lucidum:
929 3171 1021 3251 selis
1042 3172 1099 3251 qui
1114 3171 1222 3251 potuit

266 3275 378 3355 ςναυὶε
391 3280 488 3337 lerrae
501 3277 620 3337 coivere
636 3275 785 3336 vinculo:
809 3294 845 3335 ac
860 3271 885 3335 si
901 3270 970 3333 aliis
985 3270 1090 3335 verbis
1103 3269 1223 3352 dicant,

271 3372 322 3437 sed
339 3373 451 3438 eodem
467 3395 576 3437 sensu:
598 3377 688 3458 felic
708 3377 762 3437 coi
778 3395 885 3439 rerum
906 3376 1022 3437 collata
1037 3381 1085 3439 eat
1100 3376 1221 3438 intelli·

266 3479 395 3559 omlio:
420 3474 498 3561 quia
513 3497 578 3560 quo
593 3473 781 3539 familiarius
796 3473 907 3555 fluida,
919 3488 951 3538 et
967 3474 1007 3539 ad
1024 3487 1220 3540 momentum

269 3574 474 3653 transeuntia,
498 3556 709 3653 innot'escunt,
731 3597 770 3639 eo
796 3576 944 3662 amplius,
967 3574 1055 3662 apud
1082 3587 1221 3640 mentem

269 3677 317 3741 sui
335 3687 526 3763 compotem,
547 3675 689 3762 peritura
708 3677 873 3743 vilescunt.
920 3679 987 3742 Nec
1003 3678 1086 3763 jugo
1106 3676 1221 3763 premi-

267 3792 319 3843 tur
346 3778 510 3857 vitiorum,
536 3799 633 3863 quem
664 3776 704 3840 de
731 3778 885 3843 servitute
916 3779 1034 3844 veritas
1060 3779 1093 3842 in
1123 3778 1219 3842 liber·

268 3892 365 3944 tatem
384 3879 542 3954 vendicat,
563 3890 594 3941 et
617 3876 734 3944 educit.
780 3883 980 3965 Impossibile
1001 3884 1087 3945 enim
1109 3890 1168 3958 eat,
1183 3887 1221 3943 ut

267 3982 395 4064 diligat,
420 3989 453 4045 et
481 3982 563 4044 colat
592 3983 777 4056 uanitatem,
804 3985 949 4066 quiaquia
974 4005 1014 4047 ea
1038 3991 1101 4046 toto
1129 3983 1222 4045 corde

267 4085 399 4164 quaerit,
415 4089 448 4146 ct
462 4082 667 4164 amplectitur
682 4084 856 4146 veritatem.
