<?xml version="1.0" encoding="UTF-8"?>
<!DOCTYPE html PUBLIC "-//W3C//DTD XHTML 1.0 Transitional//EN"
    "http://www.w3.org/TR/xhtml1/DTD/xhtml1-transitional.dtd">
<html xmlns="http://www.w3.org/1999/xhtml" xml:lang="en" lang="en">
 <head>
  <title>
</title>
<meta http-equiv="Content-Type" content="text/html;charset=utf-8" />
  <meta name='ocr-system' content='tesseract 3.04.00' />
  <meta name='ocr-capabilities' content='ocr_page ocr_carea ocr_par ocr_line ocrx_word'/>
</head>
<body>
  <div class='ocr_page' id='page_1' title='image "./joannissaresber15johngoog_0263.png"; bbox 0 0 2992 5592; ppageno 0'>
   <div class='ocr_carea' id='block_1_1' title="bbox 560 814 1153 873">
    <p class='ocr_par' dir='ltr' id='par_1_1' title="bbox 560 814 1153 873">
     <span class='ocr_line' id='line_1_1' title="bbox 560 814 1153 873; baseline 0.003 -3"><span class='ocrx_word' id='word_1_1' title='bbox 560 826 783 872; x_wconf 78' lang='lat' dir='ltr'><strong>anruuncus.</strong></span> <span class='ocrx_word' id='word_1_2' title='bbox 1088 814 1153 873; x_wconf 71' lang='lat' dir='ltr'><strong>tta</strong></span> 
     </span>
    </p>
   </div>
   <div class='ocr_carea' id='block_1_2' title="bbox 196 976 1219 4516">
    <p class='ocr_par' dir='ltr' id='par_1_2' title="bbox 196 976 1219 4516">
     <span class='ocr_line' id='line_1_2' title="bbox 287 976 1075 1069; baseline 0.001 -29"><span class='ocrx_word' id='word_1_3' title='bbox 287 979 413 1063; x_wconf 84' lang='lat' dir='ltr'><strong>Dogma</strong></span> <span class='ocrx_word' id='word_1_4' title='bbox 428 976 528 1069; x_wconf 85' lang='lat' dir='ltr'><strong>pium,</strong></span> <span class='ocrx_word' id='word_1_5' title='bbox 543 976 697 1062; x_wconf 84' lang='lat' dir='ltr'><strong>reprobus</strong></span> <span class='ocrx_word' id='word_1_6' title='bbox 712 977 781 1042; x_wconf 80' lang='lat' dir='ltr'><strong>haec</strong></span> <span class='ocrx_word' id='word_1_7' title='bbox 796 976 876 1043; x_wconf 90' lang='lat' dir='ltr'><strong>nihil</strong></span> <span class='ocrx_word' id='word_1_8' title='bbox 890 1000 956 1043; x_wconf 86' lang='lat' dir='ltr'><strong>esse</strong></span> <span class='ocrx_word' id='word_1_9' title='bbox 972 989 1075 1063; x_wconf 87' lang='lat' dir='ltr'><strong>putat.</strong></span> 
     </span>
     <span class='ocr_line' id='line_1_3' title="bbox 362 1076 990 1162; baseline -0.006 -17"><span class='ocrx_word' id='word_1_10' title='bbox 362 1081 455 1156; x_wconf 83' lang='lat' dir='ltr'><strong>Quod</strong></span> <span class='ocrx_word' id='word_1_11' title='bbox 468 1076 559 1144; x_wconf 77' lang='lat' dir='ltr'><strong>homo</strong></span> <span class='ocrx_word' id='word_1_12' title='bbox 572 1081 724 1162; x_wconf 84' lang='lat' dir='ltr'><strong>sinefide</strong></span> <span class='ocrx_word' id='word_1_13' title='bbox 735 1081 990 1162; x_wconf 71' lang='lat' dir='ltr'><strong><em>philosophatur.</em></strong></span> 
     </span>
     <span class='ocr_line' id='line_1_4' title="bbox 201 1179 951 1267; baseline 0 -24"><span class='ocrx_word' id='word_1_14' title='bbox 201 1181 272 1244; x_wconf 93' lang='lat' dir='ltr'><strong>Non</strong></span> <span class='ocrx_word' id='word_1_15' title='bbox 290 1181 373 1246; x_wconf 86' lang='lat' dir='ltr'><strong>valet</strong></span> <span class='ocrx_word' id='word_1_16' title='bbox 387 1182 507 1267; x_wconf 83' lang='lat' dir='ltr'>absque</span> <span class='ocrx_word' id='word_1_17' title='bbox 523 1180 585 1245; x_wconf 82' lang='lat' dir='ltr'><strong>fide</strong></span> <span class='ocrx_word' id='word_1_18' title='bbox 600 1181 719 1245; x_wconf 88' lang='lat' dir='ltr'><strong>sincere</strong></span> <span class='ocrx_word' id='word_1_19' title='bbox 735 1179 951 1267; x_wconf 89' lang='lat' dir='ltr'><strong>philosophari</strong></span> 
     </span>
     <span class='ocr_line' id='line_1_5' title="bbox 287 1280 1150 1368; baseline 0.006 -23"><span class='ocrx_word' id='word_1_20' title='bbox 287 1282 476 1368; x_wconf 81' lang='lat' dir='ltr'><strong>Quisquam,</strong></span> <span class='ocrx_word' id='word_1_21' title='bbox 486 1304 543 1345; x_wconf 86' lang='lat' dir='ltr'><strong>nec</strong></span> <span class='ocrx_word' id='word_1_22' title='bbox 552 1282 701 1346; x_wconf 89' lang='lat' dir='ltr'><strong>meritum</strong></span> <span class='ocrx_word' id='word_1_23' title='bbox 712 1280 988 1368; x_wconf 78' lang='lat' dir='ltr'><strong>provenitaboque</strong></span> <span class='ocrx_word' id='word_1_24' title='bbox 999 1280 1071 1347; x_wconf 86' lang='lat' dir='ltr'><strong>fide.</strong></span> <span class='ocrx_word' id='word_1_25' title='bbox 1085 1287 1150 1350; x_wconf 78' lang='lat'><strong>320</strong></span> 
     </span>
     <span class='ocr_line' id='line_1_6' title="bbox 200 1382 1039 1470; baseline 0 -23"><span class='ocrx_word' id='word_1_26' title='bbox 200 1385 289 1466; x_wconf 80' lang='lat' dir='ltr'><strong>Ergo</strong></span> <span class='ocrx_word' id='word_1_27' title='bbox 304 1383 399 1447; x_wconf 82' lang='lat' dir='ltr'><strong>tidem</strong></span> <span class='ocrx_word' id='word_1_28' title='bbox 415 1395 530 1458; x_wconf 85' lang='lat' dir='ltr'><strong>servet,</strong></span> <span class='ocrx_word' id='word_1_29' title='bbox 545 1382 600 1469; x_wconf 90' lang='lat' dir='ltr'><strong>qui</strong></span> <span class='ocrx_word' id='word_1_30' title='bbox 616 1383 873 1470; x_wconf 81' lang='lat' dir='ltr'><strong>philosophatur,</strong></span> <span class='ocrx_word' id='word_1_31' title='bbox 889 1398 1039 1468; x_wconf 90' lang='lat' dir='ltr'><strong>ametque</strong></span> 
     </span>
     <span class='ocr_line' id='line_1_7' title="bbox 288 1482 864 1568; baseline 0 -22"><span class='ocrx_word' id='word_1_32' title='bbox 288 1483 421 1547; x_wconf 89' lang='lat' dir='ltr'><strong>Cultum</strong></span> <span class='ocrx_word' id='word_1_33' title='bbox 439 1483 566 1548; x_wconf 78' lang='lat' dir='ltr'><strong>virtutis</strong></span> <span class='ocrx_word' id='word_1_34' title='bbox 580 1497 612 1546; x_wconf 91' lang='lat' dir='ltr'><strong>et</strong></span> <span class='ocrx_word' id='word_1_35' title='bbox 629 1482 757 1568; x_wconf 86' lang='lat' dir='ltr'><strong>pietatis</strong></span> <span class='ocrx_word' id='word_1_36' title='bbox 771 1506 864 1568; x_wconf 89' lang='lat' dir='ltr'><strong>opus.</strong></span> 
     </span>
     <span class='ocr_line' id='line_1_8' title="bbox 199 1583 1082 1671; baseline -0.002 -21"><span class='ocrx_word' id='word_1_37' title='bbox 199 1590 290 1651; x_wconf 90' lang='lat' dir='ltr'><strong>Vana</strong></span> <span class='ocrx_word' id='word_1_38' title='bbox 304 1584 394 1661; x_wconf 86' lang='lat' dir='ltr'><strong>tides,</strong></span> <span class='ocrx_word' id='word_1_39' title='bbox 409 1608 544 1669; x_wconf 88' lang='lat' dir='ltr'><strong>operum</strong></span> <span class='ocrx_word' id='word_1_40' title='bbox 559 1607 655 1671; x_wconf 92' lang='lat' dir='ltr'><strong>quam</strong></span> <span class='ocrx_word' id='word_1_41' title='bbox 672 1607 732 1648; x_wconf 91' lang='lat' dir='ltr'><strong>non</strong></span> <span class='ocrx_word' id='word_1_42' title='bbox 750 1586 941 1650; x_wconf 89' lang='lat' dir='ltr'><strong>monimenta</strong></span> <span class='ocrx_word' id='word_1_43' title='bbox 956 1583 1082 1670; x_wconf 88' lang='lat' dir='ltr'><strong>piorum</strong></span> 
     </span>
     <span class='ocr_line' id='line_1_9' title="bbox 286 1687 1009 1771; baseline 0.001 -22"><span class='ocrx_word' id='word_1_44' title='bbox 286 1688 400 1751; x_wconf 81' lang='lat' dir='ltr'>Vivere</span> <span class='ocrx_word' id='word_1_45' title='bbox 415 1700 585 1766; x_wconf 80' lang='lat' dir='ltr'><strong>testantur,</strong></span> <span class='ocrx_word' id='word_1_46' title='bbox 600 1708 661 1750; x_wconf 92' lang='lat' dir='ltr'><strong>non</strong></span> <span class='ocrx_word' id='word_1_47' title='bbox 674 1687 780 1771; x_wconf 83' lang='lat' dir='ltr'><strong>juvat,</strong></span> <span class='ocrx_word' id='word_1_48' title='bbox 795 1687 892 1751; x_wconf 89' lang='lat' dir='ltr'><strong>immo</strong></span> <span class='ocrx_word' id='word_1_49' title='bbox 906 1699 1009 1750; x_wconf 88' lang='lat' dir='ltr'><strong>nocet.</strong></span> 
     </span>
     <span class='ocr_line' id='line_1_10' title="bbox 199 1789 1149 1872; baseline -0.001 -20"><span class='ocrx_word' id='word_1_50' title='bbox 199 1790 290 1864; x_wconf 83' lang='lat' dir='ltr'><strong>Quod</strong></span> <span class='ocrx_word' id='word_1_51' title='bbox 301 1791 502 1872; x_wconf 72' lang='lat' dir='ltr'><strong>philosophia</strong></span> <span class='ocrx_word' id='word_1_52' title='bbox 514 1789 657 1853; x_wconf 78' lang='lat' dir='ltr'><strong>ordinem</strong></span> <span class='ocrx_word' id='word_1_53' title='bbox 669 1790 838 1853; x_wconf 83' lang='lat' dir='ltr'><strong>atmodum</strong></span> <span class='ocrx_word' id='word_1_54' title='bbox 853 1792 888 1853; x_wconf 82' lang='lat' dir='ltr'><strong>in</strong></span> <span class='ocrx_word' id='word_1_55' title='bbox 904 1791 1030 1853; x_wconf 78' lang='lat' dir='ltr'><strong>canatis</strong></span> <span class='ocrx_word' id='word_1_56' title='bbox 1040 1790 1149 1870; x_wconf 69' lang='lat' dir='ltr'><strong>erigit.</strong></span> 
     </span>
     <span class='ocr_line' id='line_1_11' title="bbox 196 1888 1149 1976; baseline -0.001 -22"><span class='ocrx_word' id='word_1_57' title='bbox 196 1889 318 1954; x_wconf 84' lang='lat' dir='ltr'>Ordine</span> <span class='ocrx_word' id='word_1_58' title='bbox 332 1903 447 1954; x_wconf 91' lang='lat' dir='ltr'><strong>cuncta</strong></span> <span class='ocrx_word' id='word_1_59' title='bbox 462 1889 529 1974; x_wconf 84' lang='lat' dir='ltr'><strong>geri</strong></span> <span class='ocrx_word' id='word_1_60' title='bbox 546 1889 720 1976; x_wconf 72' lang='lat' dir='ltr'><strong>praescribit</strong></span> <span class='ocrx_word' id='word_1_61' title='bbox 737 1888 945 1975; x_wconf 82' lang='lat' dir='ltr'><strong>Philosophia</strong></span> <span class='ocrx_word' id='word_1_62' title='bbox 1085 1895 1149 1955; x_wconf 73' lang='lat'><strong>326</strong></span> 
     </span>
     <span class='ocr_line' id='line_1_12' title="bbox 284 1990 978 2068; baseline 0 -13"><span class='ocrx_word' id='word_1_63' title='bbox 284 1993 329 2055; x_wconf 92' lang='lat' dir='ltr'><strong>Et</strong></span> <span class='ocrx_word' id='word_1_64' title='bbox 345 1991 454 2055; x_wconf 80' lang='lat' dir='ltr'><strong>statuit</strong></span> <span class='ocrx_word' id='word_1_65' title='bbox 469 1990 594 2056; x_wconf 89' lang='lat' dir='ltr'><strong>cunctis</strong></span> <span class='ocrx_word' id='word_1_66' title='bbox 609 1991 703 2056; x_wconf 90' lang='lat' dir='ltr'><strong>rebus</strong></span> <span class='ocrx_word' id='word_1_67' title='bbox 717 1991 818 2055; x_wconf 87' lang='lat' dir='ltr'><strong>inesse</strong></span> <span class='ocrx_word' id='word_1_68' title='bbox 834 1991 978 2068; x_wconf 90' lang='lat' dir='ltr'><strong>modum,</strong></span> 
     </span>
     <span class='ocr_line' id='line_1_13' title="bbox 197 2090 1127 2179; baseline -0.003 -21"><span class='ocrx_word' id='word_1_69' title='bbox 197 2092 317 2158; x_wconf 85' lang='lat' dir='ltr'><strong>Ordine</strong></span> <span class='ocrx_word' id='word_1_70' title='bbox 333 2106 448 2158; x_wconf 88' lang='lat' dir='ltr'><strong>cuneta</strong></span> <span class='ocrx_word' id='word_1_71' title='bbox 464 2093 568 2170; x_wconf 89' lang='lat' dir='ltr'><strong>docet,</strong></span> <span class='ocrx_word' id='word_1_72' title='bbox 584 2116 776 2179; x_wconf 84' lang='lat' dir='ltr'><strong>causamque</strong></span> <span class='ocrx_word' id='word_1_73' title='bbox 790 2093 987 2178; x_wconf 88' lang='lat' dir='ltr'><strong>modumque</strong></span> <span class='ocrx_word' id='word_1_74' title='bbox 1002 2090 1127 2177; x_wconf 83' lang='lat' dir='ltr'><strong>legendi</strong></span> 
     </span>
     <span class='ocr_line' id='line_1_14' title="bbox 284 2192 1009 2280; baseline 0.003 -24"><span class='ocrx_word' id='word_1_75' title='bbox 284 2194 414 2270; x_wconf 82' lang='lat' dir='ltr'><strong>Tradit,</strong></span> <span class='ocrx_word' id='word_1_76' title='bbox 429 2207 460 2259; x_wconf 93' lang='lat' dir='ltr'><strong>et</strong></span> <span class='ocrx_word' id='word_1_77' title='bbox 478 2193 509 2257; x_wconf 94' lang='lat' dir='ltr'><strong>in</strong></span> <span class='ocrx_word' id='word_1_78' title='bbox 524 2194 647 2260; x_wconf 87' lang='lat' dir='ltr'><strong>cunctis</strong></span> <span class='ocrx_word' id='word_1_79' title='bbox 661 2194 786 2258; x_wconf 79' lang='lat' dir='ltr'><strong>artibus</strong></span> <span class='ocrx_word' id='word_1_80' title='bbox 800 2192 881 2258; x_wconf 86' lang='lat' dir='ltr'><strong>ordo</strong></span> <span class='ocrx_word' id='word_1_81' title='bbox 895 2197 1009 2280; x_wconf 87' lang='lat' dir='ltr'><strong>placet.</strong></span> 
     </span>
     <span class='ocr_line' id='line_1_15' title="bbox 197 2294 1080 2382; baseline 0.001 -23"><span class='ocrx_word' id='word_1_82' title='bbox 197 2298 269 2361; x_wconf 90' lang='lat' dir='ltr'><strong>Hac</strong></span> <span class='ocrx_word' id='word_1_83' title='bbox 284 2294 365 2361; x_wconf 86' lang='lat' dir='ltr'><strong>duce</strong></span> <span class='ocrx_word' id='word_1_84' title='bbox 381 2298 483 2382; x_wconf 89' lang='lat' dir='ltr'><strong>prima</strong></span> <span class='ocrx_word' id='word_1_85' title='bbox 498 2295 594 2361; x_wconf 89' lang='lat' dir='ltr'><strong>rudes</strong></span> <span class='ocrx_word' id='word_1_86' title='bbox 609 2295 727 2360; x_wconf 89' lang='lat' dir='ltr'><strong>adeunt</strong></span> <span class='ocrx_word' id='word_1_87' title='bbox 744 2296 901 2361; x_wconf 84' lang='lat' dir='ltr'><strong>elementa</strong></span> <span class='ocrx_word' id='word_1_88' title='bbox 916 2295 1080 2382; x_wconf 89' lang='lat' dir='ltr'><strong>loquendi,</strong></span> 
     </span>
     <span class='ocr_line' id='line_1_16' title="bbox 285 2397 1149 2485; baseline -0.001 -23"><span class='ocrx_word' id='word_1_89' title='bbox 285 2397 431 2462; x_wconf 89' lang='lat' dir='ltr'><strong>Provecti</strong></span> <span class='ocrx_word' id='word_1_90' title='bbox 446 2397 601 2483; x_wconf 79' lang='lat' dir='ltr'><strong>gradibus</strong></span> <span class='ocrx_word' id='word_1_91' title='bbox 616 2398 766 2483; x_wconf 82' lang='lat' dir='ltr'><strong>dogmata</strong></span> <span class='ocrx_word' id='word_1_92' title='bbox 782 2421 921 2485; x_wconf 77' lang='lat' dir='ltr'><strong>quaeque</strong></span> <span class='ocrx_word' id='word_1_93' title='bbox 936 2397 1058 2482; x_wconf 83' lang='lat' dir='ltr'><strong>legunt.</strong></span> <span class='ocrx_word' id='word_1_94' title='bbox 1084 2402 1149 2463; x_wconf 87' lang='grc'><strong>330</strong></span> 
     </span>
     <span class='ocr_line' id='line_1_17' title="bbox 198 2498 1057 2586; baseline 0.003 -22"><span class='ocrx_word' id='word_1_95' title='bbox 198 2501 330 2579; x_wconf 88' lang='lat' dir='ltr'><strong>Ordine,</strong></span> <span class='ocrx_word' id='word_1_96' title='bbox 346 2500 427 2586; x_wconf 88' lang='lat' dir='ltr'><strong>lege,</strong></span> <span class='ocrx_word' id='word_1_97' title='bbox 442 2498 537 2563; x_wconf 90' lang='lat' dir='ltr'><strong>modo</strong></span> <span class='ocrx_word' id='word_1_98' title='bbox 552 2499 713 2586; x_wconf 87' lang='lat' dir='ltr'><strong>dispensat</strong></span> <span class='ocrx_word' id='word_1_99' title='bbox 729 2498 881 2584; x_wconf 82' lang='lat' dir='ltr'><strong>dogmata</strong></span> <span class='ocrx_word' id='word_1_100' title='bbox 896 2500 1057 2585; x_wconf 85' lang='lat' dir='ltr'><strong>prudens:</strong></span> 
     </span>
     <span class='ocr_line' id='line_1_18' title="bbox 285 2600 995 2688; baseline 0 -23"><span class='ocrx_word' id='word_1_101' title='bbox 285 2603 405 2666; x_wconf 88' lang='lat' dir='ltr'><strong>Contra</strong></span> <span class='ocrx_word' id='word_1_102' title='bbox 420 2600 568 2688; x_wconf 80' lang='lat' dir='ltr'><strong>nugifluis</strong></span> <span class='ocrx_word' id='word_1_103' title='bbox 585 2601 648 2676; x_wconf 81' lang='lat' dir='ltr'><strong>lex,</strong></span> <span class='ocrx_word' id='word_1_104' title='bbox 664 2600 791 2679; x_wconf 89' lang='lat' dir='ltr'><strong>modus,</strong></span> <span class='ocrx_word' id='word_1_105' title='bbox 807 2600 886 2666; x_wconf 93' lang='lat' dir='ltr'><strong>ordo</strong></span> <span class='ocrx_word' id='word_1_106' title='bbox 902 2601 995 2686; x_wconf 88' lang='lat' dir='ltr'><strong>perit.</strong></span> 
     </span>
     <span class='ocr_line' id='line_1_19' title="bbox 202 2703 1041 2789; baseline -0.002 -21"><span class='ocrx_word' id='word_1_107' title='bbox 202 2703 375 2788; x_wconf 82' lang='lat' dir='ltr'><strong>Nugifluus</strong></span> <span class='ocrx_word' id='word_1_108' title='bbox 390 2705 521 2770; x_wconf 79' lang='lat' dir='ltr'><strong>verbum</strong></span> <span class='ocrx_word' id='word_1_109' title='bbox 539 2705 605 2768; x_wconf 90' lang='lat' dir='ltr'><strong>sine</strong></span> <span class='ocrx_word' id='word_1_110' title='bbox 622 2719 764 2789; x_wconf 88' lang='lat' dir='ltr'><strong>tempore</strong></span> <span class='ocrx_word' id='word_1_111' title='bbox 779 2703 888 2768; x_wconf 86' lang='lat' dir='ltr'><strong>tundit</strong></span> <span class='ocrx_word' id='word_1_112' title='bbox 903 2703 1041 2789; x_wconf 85' lang='lat' dir='ltr'><strong>ineptus,</strong></span> 
     </span>
     <span class='ocr_line' id='line_1_20' title="bbox 286 2803 1118 2894; baseline -0.005 -26"><span class='ocrx_word' id='word_1_113' title='bbox 286 2807 454 2893; x_wconf 89' lang='lat' dir='ltr'><strong>Verbaque</strong></span> <span class='ocrx_word' id='word_1_114' title='bbox 469 2806 665 2894; x_wconf 87' lang='lat' dir='ltr'><strong>prudentum</strong></span> <span class='ocrx_word' id='word_1_115' title='bbox 681 2807 832 2891; x_wconf 84' lang='lat' dir='ltr'><strong>factaque</strong></span> <span class='ocrx_word' id='word_1_116' title='bbox 848 2817 974 2889; x_wconf 85' lang='lat' dir='ltr'><strong>tempus</strong></span> <span class='ocrx_word' id='word_1_117' title='bbox 988 2803 1118 2869; x_wconf 88' lang='lat' dir='ltr'><strong>habent.</strong></span> 
     </span>
     <span class='ocr_line' id='line_1_21' title="bbox 199 2906 1149 2995; baseline -0.002 -23"><span class='ocrx_word' id='word_1_118' title='bbox 199 2910 249 2975; x_wconf 89' lang='lat' dir='ltr'><strong>Ne</strong></span> <span class='ocrx_word' id='word_1_119' title='bbox 264 2931 366 2989; x_wconf 87' lang='lat' dir='ltr'><strong>cures,</strong></span> <span class='ocrx_word' id='word_1_120' title='bbox 381 2908 497 2974; x_wconf 90' lang='lat' dir='ltr'><strong>stultus</strong></span> <span class='ocrx_word' id='word_1_121' title='bbox 513 2907 590 2995; x_wconf 88' lang='lat' dir='ltr'><strong>quid</strong></span> <span class='ocrx_word' id='word_1_122' title='bbox 607 2907 720 2992; x_wconf 86' lang='lat' dir='ltr'><strong>fingat,</strong></span> <span class='ocrx_word' id='word_1_123' title='bbox 736 2906 856 2993; x_wconf 83' lang='lat' dir='ltr'><strong>quidve</strong></span> <span class='ocrx_word' id='word_1_124' title='bbox 872 2906 1032 2992; x_wconf 85' lang='lat' dir='ltr'><strong>loquatur,</strong></span> <span class='ocrx_word' id='word_1_125' title='bbox 1084 2912 1149 2972; x_wconf 72' lang='grc'><strong>335</strong></span> 
     </span>
     <span class='ocr_line' id='line_1_22' title="bbox 285 3007 960 3097; baseline -0.01 -21"><span class='ocrx_word' id='word_1_126' title='bbox 285 3013 387 3097; x_wconf 87' lang='lat' dir='ltr'><strong>Cujus</strong></span> <span class='ocrx_word' id='word_1_127' title='bbox 402 3013 443 3075; x_wconf 86' lang='lat' dir='ltr'><strong>ab</strong></span> <span class='ocrx_word' id='word_1_128' title='bbox 459 3010 588 3095; x_wconf 87' lang='lat' dir='ltr'><strong>eloquio</strong></span> <span class='ocrx_word' id='word_1_129' title='bbox 603 3009 671 3074; x_wconf 90' lang='lat' dir='ltr'><strong>laus</strong></span> <span class='ocrx_word' id='word_1_130' title='bbox 687 3010 746 3075; x_wconf 92' lang='lat' dir='ltr'><strong>tibi</strong></span> <span class='ocrx_word' id='word_1_131' title='bbox 763 3007 850 3073; x_wconf 88' lang='lat' dir='ltr'><strong>nulla</strong></span> <span class='ocrx_word' id='word_1_132' title='bbox 865 3008 960 3074; x_wconf 84' lang='lat' dir='ltr'><strong>venit.</strong></span> 
     </span>
     <span class='ocr_line' id='line_1_23' title="bbox 200 3109 1056 3199; baseline 0 -24"><span class='ocrx_word' id='word_1_133' title='bbox 200 3111 233 3175; x_wconf 86' lang='lat' dir='ltr'><strong>Si</strong></span> <span class='ocrx_word' id='word_1_134' title='bbox 249 3111 374 3176; x_wconf 85' lang='lat' dir='ltr'><strong>laudem</strong></span> <span class='ocrx_word' id='word_1_135' title='bbox 391 3127 513 3198; x_wconf 86' lang='lat' dir='ltr'><strong>captas,</strong></span> <span class='ocrx_word' id='word_1_136' title='bbox 528 3111 650 3199; x_wconf 88' lang='lat' dir='ltr'><strong>placeat</strong></span> <span class='ocrx_word' id='word_1_137' title='bbox 666 3111 725 3177; x_wconf 89' lang='lat' dir='ltr'><strong>tibi</strong></span> <span class='ocrx_word' id='word_1_138' title='bbox 738 3112 803 3191; x_wconf 85' lang='lat' dir='ltr'><strong>lex,</strong></span> <span class='ocrx_word' id='word_1_139' title='bbox 818 3109 944 3189; x_wconf 91' lang='lat' dir='ltr'><strong>modus,</strong></span> <span class='ocrx_word' id='word_1_140' title='bbox 958 3109 1056 3175; x_wconf 90' lang='lat' dir='ltr'><strong>ordo:</strong></span> 
     </span>
     <span class='ocr_line' id='line_1_24' title="bbox 287 3213 1019 3299; baseline 0 -23"><span class='ocrx_word' id='word_1_141' title='bbox 287 3213 349 3278; x_wconf 89' lang='lat' dir='ltr'><strong>His</strong></span> <span class='ocrx_word' id='word_1_142' title='bbox 364 3215 432 3278; x_wconf 88' lang='lat' dir='ltr'><strong>sine</strong></span> <span class='ocrx_word' id='word_1_143' title='bbox 449 3237 509 3278; x_wconf 92' lang='lat' dir='ltr'><strong>non</strong></span> <span class='ocrx_word' id='word_1_144' title='bbox 525 3226 630 3278; x_wconf 86' lang='lat' dir='ltr'><strong>exstat</strong></span> <span class='ocrx_word' id='word_1_145' title='bbox 645 3213 758 3299; x_wconf 84' lang='lat' dir='ltr'><strong>gloria,</strong></span> <span class='ocrx_word' id='word_1_146' title='bbox 776 3213 826 3277; x_wconf 86' lang='lat' dir='ltr'><strong>vel</strong></span> <span class='ocrx_word' id='word_1_147' title='bbox 842 3214 946 3277; x_wconf 83' lang='lat' dir='ltr'><strong>brevis</strong></span> <span class='ocrx_word' id='word_1_148' title='bbox 961 3225 1019 3279; x_wconf 87' lang='lat' dir='ltr'><strong>est.</strong></span> 
     </span>
     <span class='ocr_line' id='line_1_25' title="bbox 198 3313 1046 3403; baseline -0.001 -24"><span class='ocrx_word' id='word_1_149' title='bbox 198 3314 318 3379; x_wconf 90' lang='lat' dir='ltr'><strong>Ordine</strong></span> <span class='ocrx_word' id='word_1_150' title='bbox 333 3330 450 3381; x_wconf 88' lang='lat' dir='ltr'><strong>cuncta</strong></span> <span class='ocrx_word' id='word_1_151' title='bbox 463 3319 571 3403; x_wconf 83' lang='lat' dir='ltr'><strong>vigent</strong></span> <span class='ocrx_word' id='word_1_152' title='bbox 587 3327 619 3381; x_wconf 87' lang='lat' dir='ltr'><strong>et</strong></span> <span class='ocrx_word' id='word_1_153' title='bbox 634 3313 777 3399; x_wconf 82' lang='lat' dir='ltr'><strong>gaudent</strong></span> <span class='ocrx_word' id='word_1_154' title='bbox 793 3314 862 3398; x_wconf 81' lang='lat' dir='ltr'><strong>tege</strong></span> <span class='ocrx_word' id='word_1_155' title='bbox 878 3313 1046 3402; x_wconf 88' lang='lat' dir='ltr'><strong>modoque,</strong></span> 
     </span>
     <span class='ocr_line' id='line_1_26' title="bbox 286 3415 1149 3503; baseline -0.001 -24"><span class='ocrx_word' id='word_1_156' title='bbox 286 3416 367 3493; x_wconf 84' lang='lat' dir='ltr'><strong>Quoe</strong></span> <span class='ocrx_word' id='word_1_157' title='bbox 383 3417 409 3479; x_wconf 90' lang='lat' dir='ltr'><strong>si</strong></span> <span class='ocrx_word' id='word_1_158' title='bbox 424 3415 498 3503; x_wconf 89' lang='lat' dir='ltr'><strong>quis</strong></span> <span class='ocrx_word' id='word_1_159' title='bbox 513 3416 619 3502; x_wconf 89' lang='lat' dir='ltr'><strong>potuit</strong></span> <span class='ocrx_word' id='word_1_160' title='bbox 635 3438 792 3502; x_wconf 86' lang='lat' dir='ltr'><strong>spernere,</strong></span> <span class='ocrx_word' id='word_1_161' title='bbox 804 3417 878 3502; x_wconf 85' lang='lat' dir='ltr'><strong>jure</strong></span> <span class='ocrx_word' id='word_1_162' title='bbox 894 3415 986 3502; x_wconf 85' lang='lat' dir='ltr'><strong>perit.</strong></span> <span class='ocrx_word' id='word_1_163' title='bbox 1085 3420 1149 3479; x_wconf 76' lang='lat'><strong>340</strong></span> 
     </span>
     <span class='ocr_line' id='line_1_27' title="bbox 200 3515 1003 3605; baseline -0.001 -24"><span class='ocrx_word' id='word_1_164' title='bbox 200 3515 364 3581; x_wconf 79' lang='lat' dir='ltr'><strong>Contundi</strong></span> <span class='ocrx_word' id='word_1_165' title='bbox 378 3516 506 3594; x_wconf 88' lang='lat' dir='ltr'><strong>meruit,</strong></span> <span class='ocrx_word' id='word_1_166' title='bbox 523 3540 618 3605; x_wconf 89' lang='lat' dir='ltr'><strong>quem</strong></span> <span class='ocrx_word' id='word_1_167' title='bbox 634 3517 743 3582; x_wconf 81' lang='lat' dir='ltr'><strong>nultus</strong></span> <span class='ocrx_word' id='word_1_168' title='bbox 758 3517 898 3582; x_wconf 84' lang='lat' dir='ltr'><strong>eontinet</strong></span> <span class='ocrx_word' id='word_1_169' title='bbox 912 3515 1003 3592; x_wconf 88' lang='lat' dir='ltr'><strong>ordo,</strong></span> 
     </span>
     <span class='ocr_line' id='line_1_28' title="bbox 287 3616 1078 3706; baseline 0 -23"><span class='ocrx_word' id='word_1_170' title='bbox 287 3616 414 3704; x_wconf 84' lang='lat' dir='ltr'><strong>Quique</strong></span> <span class='ocrx_word' id='word_1_171' title='bbox 429 3618 557 3684; x_wconf 89' lang='lat' dir='ltr'><strong>modum</strong></span> <span class='ocrx_word' id='word_1_172' title='bbox 573 3617 684 3694; x_wconf 87' lang='lat' dir='ltr'><strong>nescit,</strong></span> <span class='ocrx_word' id='word_1_173' title='bbox 700 3619 824 3706; x_wconf 88' lang='lat' dir='ltr'><strong>deperit</strong></span> <span class='ocrx_word' id='word_1_174' title='bbox 838 3619 958 3705; x_wconf 88' lang='lat' dir='ltr'><strong>absque</strong></span> <span class='ocrx_word' id='word_1_175' title='bbox 974 3617 1078 3684; x_wconf 86' lang='lat' dir='ltr'><strong>nrodo.</strong></span> 
     </span>
     <span class='ocr_line' id='line_1_29' title="bbox 200 3719 1042 3808; baseline 0.001 -25"><span class='ocrx_word' id='word_1_176' title='bbox 200 3722 302 3797; x_wconf 83' lang='lat' dir='ltr'><strong>Quem</strong></span> <span class='ocrx_word' id='word_1_177' title='bbox 317 3722 368 3783; x_wconf 85' lang='lat' dir='ltr'><strong>lex</strong></span> <span class='ocrx_word' id='word_1_178' title='bbox 385 3741 447 3785; x_wconf 91' lang='lat' dir='ltr'><strong>non</strong></span> <span class='ocrx_word' id='word_1_179' title='bbox 463 3720 603 3796; x_wconf 88' lang='lat' dir='ltr'><strong>cohibet,</strong></span> <span class='ocrx_word' id='word_1_180' title='bbox 618 3719 762 3786; x_wconf 83' lang='lat' dir='ltr'><strong>dissolvit</strong></span> <span class='ocrx_word' id='word_1_181' title='bbox 777 3720 872 3808; x_wconf 81' lang='lat' dir='ltr'><strong>culpa</strong></span> <span class='ocrx_word' id='word_1_182' title='bbox 888 3721 1042 3798; x_wconf 84' lang='lat' dir='ltr'><strong>solutum,</strong></span> 
     </span>
     <span class='ocr_line' id='line_1_30' title="bbox 287 3820 1023 3909; baseline 0.007 -26"><span class='ocrx_word' id='word_1_183' title='bbox 287 3822 325 3883; x_wconf 87' lang='lat' dir='ltr'><strong>Iu</strong></span> <span class='ocrx_word' id='word_1_184' title='bbox 342 3820 425 3887; x_wconf 81' lang='lat' dir='ltr'><strong>mata</strong></span> <span class='ocrx_word' id='word_1_185' title='bbox 440 3821 629 3907; x_wconf 88' lang='lat' dir='ltr'><strong>praecipitat,</strong></span> <span class='ocrx_word' id='word_1_186' title='bbox 646 3824 907 3909; x_wconf 74' lang='lat' dir='ltr'><strong>praecipitemque</strong></span> <span class='ocrx_word' id='word_1_187' title='bbox 923 3837 1023 3888; x_wconf 88' lang='lat' dir='ltr'><strong>necat.</strong></span> 
     </span>
     <span class='ocr_line' id='line_1_31' title="bbox 198 3921 1151 4011; baseline 0.003 -23"><span class='ocrx_word' id='word_1_188' title='bbox 198 3921 287 3988; x_wconf 89' lang='lat' dir='ltr'><strong>Ordo</strong></span> <span class='ocrx_word' id='word_1_189' title='bbox 303 3921 342 3986; x_wconf 91' lang='lat' dir='ltr'><strong>sit</strong></span> <span class='ocrx_word' id='word_1_190' title='bbox 358 3945 435 4007; x_wconf 84' lang='lat' dir='ltr'><strong>ergo</strong></span> <span class='ocrx_word' id='word_1_191' title='bbox 449 3921 541 3990; x_wconf 89' lang='lat' dir='ltr'><strong>bonis</strong></span> <span class='ocrx_word' id='word_1_192' title='bbox 556 3924 695 4002; x_wconf 81' lang='lat' dir='ltr'><strong>vivendi,</strong></span> <span class='ocrx_word' id='word_1_193' title='bbox 712 3928 817 4011; x_wconf 87' lang='lat' dir='ltr'><strong>sitque</strong></span> <span class='ocrx_word' id='word_1_194' title='bbox 833 3924 996 4010; x_wconf 87' lang='lat' dir='ltr'><strong>loquendi,</strong></span> <span class='ocrx_word' id='word_1_195' title='bbox 1085 3929 1151 3991; x_wconf 78' lang='lat' dir='ltr'><strong>att</strong></span> 
     </span>
     <span class='ocr_line' id='line_1_32' title="bbox 285 4023 1098 4110; baseline 0 -24"><span class='ocrx_word' id='word_1_196' title='bbox 285 4024 367 4087; x_wconf 91' lang='lat' dir='ltr'><strong>Cum</strong></span> <span class='ocrx_word' id='word_1_197' title='bbox 384 4023 493 4109; x_wconf 75' lang='lat' dir='ltr'><strong>lingua</strong></span> <span class='ocrx_word' id='word_1_198' title='bbox 510 4039 647 4090; x_wconf 88' lang='lat' dir='ltr'><strong>mentem</strong></span> <span class='ocrx_word' id='word_1_199' title='bbox 664 4025 726 4106; x_wconf 84' lang='lat' dir='ltr'><strong>lex,</strong></span> <span class='ocrx_word' id='word_1_200' title='bbox 741 4027 867 4104; x_wconf 85' lang='lat' dir='ltr'><strong>modus,</strong></span> <span class='ocrx_word' id='word_1_201' title='bbox 882 4025 961 4090; x_wconf 87' lang='lat' dir='ltr'><strong>ordo</strong></span> <span class='ocrx_word' id='word_1_202' title='bbox 977 4037 1098 4110; x_wconf 81' lang='lat' dir='ltr'><strong>regant.</strong></span> 
     </span>
     <span class='ocr_line' id='line_1_33' title="bbox 201 4123 1219 4214; baseline -0.002 -27"><span class='ocrx_word' id='word_1_203' title='bbox 201 4123 347 4189; x_wconf 82' lang='lat' dir='ltr'><strong>Forsitan</strong></span> <span class='ocrx_word' id='word_1_204' title='bbox 362 4126 534 4212; x_wconf 87' lang='lat' dir='ltr'><strong>inquirent,</strong></span> <span class='ocrx_word' id='word_1_205' title='bbox 552 4142 693 4192; x_wconf 83' lang='lat' dir='ltr'><strong>veterum</strong></span> <span class='ocrx_word' id='word_1_206' title='bbox 710 4129 789 4214; x_wconf 87' lang='lat' dir='ltr'><strong>quid</strong></span> <span class='ocrx_word' id='word_1_207' title='bbox 806 4129 924 4213; x_wconf 85' lang='lat' dir='ltr'><strong>scripta</strong></span> <span class='ocrx_word' id='word_1_208' title='bbox 940 4125 1069 4212; x_wconf 83' lang='lat' dir='ltr'><strong>repellat</strong></span> <span class='ocrx_word' id='word_1_209' title='bbox 1083 4149 1092 4196; x_wconf 75' lang='grc' dir='ltr'><strong>ς</strong></span> <span class='ocrx_word' id='word_1_210' title='bbox 1212 4171 1219 4185; x_wconf 92' lang='lat'><strong>.</strong></span> 
     </span>
     <span class='ocr_line' id='line_1_34' title="bbox 285 4229 989 4317; baseline -0.004 -25"><span class='ocrx_word' id='word_1_211' title='bbox 285 4229 412 4314; x_wconf 86' lang='lat' dir='ltr'><strong>Accipe,</strong></span> <span class='ocrx_word' id='word_1_212' title='bbox 427 4229 513 4315; x_wconf 93' lang='lat' dir='ltr'><strong>quod</strong></span> <span class='ocrx_word' id='word_1_213' title='bbox 529 4229 606 4295; x_wconf 88' lang='lat' dir='ltr'><strong>dicit</strong></span> <span class='ocrx_word' id='word_1_214' title='bbox 623 4230 715 4317; x_wconf 91' lang='lat' dir='ltr'><strong>pusio</strong></span> <span class='ocrx_word' id='word_1_215' title='bbox 730 4230 795 4295; x_wconf 83' lang='lat' dir='ltr'><strong>sive</strong></span> <span class='ocrx_word' id='word_1_216' title='bbox 812 4230 989 4314; x_wconf 85' lang='lat' dir='ltr'><strong>Tryphon:</strong></span> 
     </span>
     <span class='ocr_line' id='line_1_35' title="bbox 336 4331 1004 4415; baseline -0.009 -20"><span class='ocrx_word' id='word_1_217' title='bbox 336 4331 388 4395; x_wconf 88' lang='lat' dir='ltr'><strong>De</strong></span> <span class='ocrx_word' id='word_1_218' title='bbox 403 4353 488 4396; x_wconf 84' lang='lat' dir='ltr'><strong>mora</strong></span> <span class='ocrx_word' id='word_1_219' title='bbox 503 4336 687 4414; x_wconf 75' lang='lat' dir='ltr'><strong>antiquitus</strong></span> <span class='ocrx_word' id='word_1_220' title='bbox 697 4332 1004 4415; x_wconf 76' lang='lat' dir='ltr'><strong>philosophantium.</strong></span> 
     </span>
     <span class='ocr_line' id='line_1_36' title="bbox 199 4428 1050 4516; baseline 0.006 -22"><span class='ocrx_word' id='word_1_221' title='bbox 199 4438 220 4465; x_wconf 88' lang='lat'>“</span> <span class='ocrx_word' id='word_1_222' title='bbox 239 4432 307 4494; x_wconf 87' lang='lat' dir='ltr'><strong>Cur</strong></span> <span class='ocrx_word' id='word_1_223' title='bbox 323 4431 432 4515; x_wconf 84' lang='lat' dir='ltr'><strong>procul</strong></span> <span class='ocrx_word' id='word_1_224' title='bbox 451 4433 577 4496; x_wconf 83' lang='lat' dir='ltr'><strong>anobis</strong></span> <span class='ocrx_word' id='word_1_225' title='bbox 592 4433 632 4495; x_wconf 85' lang='lat' dir='ltr'><strong>sit</strong></span> <span class='ocrx_word' id='word_1_226' title='bbox 649 4447 776 4516; x_wconf 87' lang='lat' dir='ltr'><strong>patrum</strong></span> <span class='ocrx_word' id='word_1_227' title='bbox 794 4444 878 4495; x_wconf 85' lang='lat' dir='ltr'><strong>secta</strong></span> <span class='ocrx_word' id='word_1_228' title='bbox 893 4428 1050 4515; x_wconf 72' lang='lat' dir='ltr'><strong>priorum,</strong></span> 
     </span>
    </p>
   </div>
   <div class='ocr_carea' id='block_1_3' title="bbox 0 0 1507 5592">
    <p class='ocr_par' dir='ltr' id='par_1_3' title="bbox 0 0 1507 5592">
     <span class='ocr_line' id='line_1_37' title="bbox 0 0 1507 5592; baseline 0 0"><span class='ocrx_word' id='word_1_229' title='bbox 0 0 1507 5592; x_wconf 95' lang='lat' dir='ltr'><strong> </strong></span> 
     </span>
    </p>
   </div>
  </div>
 </body>
</html>
