2992 5592
310 1107 507 1173 Josurus
531 1108 920 1175 sunusuunmusrs

243 1289 301 1375 M
342 1287 384 1371 E
424 1287 463 1371 T
502 1289 538 1371 A
578 1290 616 1372 L
656 1289 694 1374 O
734 1290 777 1374 G
823 1291 844 1374 1
883 1290 918 1373 C
961 1293 980 1374 l

467 1487 586 1541 LIBER
607 1488 768 1546 PRIMUS.

135 1825 215 1909 Cep.
240 1827 268 1885 l.
303 1821 480 1886 calumnia
508 1838 585 1901 quae
614 1827 651 1883 ut
679 1822 853 1903 Cornificio
880 1843 939 1885 seeo
967 1843 1094 1908 respon.

275 1923 277 1928 ’
469 1921 610 2000 deretur,
625 1924 766 1984 entnrait.

177 2061 364 2124 Anvnasus
402 2054 524 2140 insigne
562 2053 684 2119 donum
718 2068 842 2123 naturae
881 2057 1030 2143 parentis,
1059 2073 1092 2125 et

133 2163 257 2248 gratiae,
280 2159 471 2224 calumniam
496 2171 645 2235 veterem,
667 2172 700 2224 et
727 2160 883 2245 majorum
910 2174 1091 2227 nostrorum

128 2263 253 2349 judicio
275 2260 531 2337 condemnatam,
554 2261 674 2324 excitat
697 2259 862 2346 improbus
884 2260 1037 2347 litigator,
1056 2278 1090 2330 ct

134 2364 325 2449 conquirens
349 2360 490 2447 undique
512 2360 681 2446 imperitiae
703 2383 771 2425 suae
793 2361 916 2440 solatia,
936 2362 996 2427 sibi
1020 2388 1092 2452 pro·

133 2465 224 2528 ficere
244 2474 352 2550 sperat
371 2460 413 2525 ad
433 2459 578 2547 gloriam,
594 2461 619 2525 si
635 2461 753 2526 multos
768 2461 885 2526 similes
900 2463 959 2540 sui,
975 2464 1009 2528 id
1030 2481 1089 2544 est,

133 2565 156 2630 si
183 2588 238 2629 eos
260 2562 377 2628 viderit
403 2561 586 2648 imperitos:
616 2561 713 2627 habet
735 2563 819 2627 enim
842 2563 902 2627 hoc
925 2567 1090 2650 proprium

132 2665 324 2750 arrogantiae
343 2676 460 2739 tumor,
477 2676 513 2728 ut
534 2687 567 2729 se
582 2665 806 2729 commetiatur
826 2664 907 2742 eliis,
923 2666 1006 2730 bona
1021 2691 1089 2741 sun,

133 2769 227 2853 siqua
242 2779 331 2842 sunt,
349 2765 492 2844 efferens,
507 2764 687 2852 deprimens
710 2764 831 2840 aliena;
864 2766 1090 2855 defectumque

131 2869 283 2957 proximi,
313 2885 410 2932 suum
446 2878 540 2952 putet
576 2890 642 2932 esse
679 2868 871 2953 profectum.
932 2869 1090 2936 Omnibus

131 2983 237 3035 autem
259 2982 345 3034 recte
366 2967 562 3054 sapientibus
581 2968 753 3034 indubium
775 2981 834 3047 cst,
850 2970 940 3055 quod
963 2983 1088 3048 natura,

132 3071 376 3136 clementissime
396 3090 511 3155 parens
530 3069 683 3150 omnium,
699 3082 731 3133 et
753 3069 1000 3154 dispositissima
1020 3093 1088 3134 mo-

133 3175 288 3249 deratrix,
299 3173 381 3237 inter
396 3185 510 3236 caetera
521 3194 596 3257 quae
609 3171 719 3253 genuit
732 3170 916 3246 animantia,
930 3170 1088 3236 hominem

133 3273 302 3360 privilegio
323 3274 452 3338 rationis
474 3272 602 3353 extulit,
622 3284 654 3336 et
677 3294 738 3334 usu
762 3270 881 3357 eloquii
903 3271 1086 3357 insignivit:

133 3377 165 3440 id
182 3398 279 3461 agens
293 3374 462 3441 sedulitate
476 3373 624 3454 officiosa,
639 3389 671 3439 et
692 3373 762 3460 lege
782 3372 1034 3460 dispositissima,
1050 3390 1087 3442 ut

131 3479 237 3558 homo,
260 3478 318 3565 qui
338 3477 510 3564 gravedine
532 3475 761 3541 foecuientioris
783 3490 919 3554 naturae,
941 3489 973 3540 et
996 3479 1088 3545 molis

130 3603 290 3668 corporeae
305 3579 456 3644 tarditate
472 3579 686 3664 premebatur,
703 3594 735 3642 et
753 3577 940 3643 trahebatur
954 3577 994 3641 ad
1011 3578 1085 3655 ima,

130 3681 178 3745 bis
197 3682 291 3768 quasi
308 3678 478 3745 subvectus
493 3677 561 3753 alis,
577 3679 618 3742 ad
638 3678 704 3742 alta
718 3677 876 3755 ascendat,
892 3692 924 3743 et
944 3678 985 3743 ad
1004 3682 1089 3746 obti-

130 3781 268 3846 nendum
290 3803 376 3844 verne
396 3779 604 3844 beatitudinis
623 3778 781 3858 bravium,
795 3782 900 3843 omnia
920 3779 981 3842 alia
1001 3781 1086 3846 felici

128 3882 315 3968 compendio
326 3881 504 3946 antecedat.
542 3886 628 3947 Dum
641 3881 752 3966 itaque
764 3894 908 3944 naturam
922 3880 1087 3947 foecuudat

127 3985 241 4069 gratia,
264 3982 347 4047 ratio
370 3983 464 4046 rebus
486 3981 724 4069 perspiciendis,
745 3995 777 4045 et
799 3982 1016 4047 examinandis
1038 3984 1086 4047 in·

130 4087 260 4171 vigilat;
285 4097 410 4148 naturae
427 4083 514 4147 sinus
528 4086 662 4160 excutit,
676 4083 808 4147 metitur
823 4082 959 4163 fructus,
974 4098 1006 4149 et
1021 4084 1086 4148 effi-

129 4189 243 4252 caciam
261 4186 479 4271 singulorum:
512 4197 544 4249 et
564 4186 694 4249 innatus
715 4184 864 4248 omnibus
886 4206 976 4247 amor
998 4182 1084 4256 boui,

129 4285 265 4352 naturali
281 4298 417 4369 urgente
433 4308 465 4347 se
484 4284 642 4370 appetitu,
657 4283 727 4360 hoc,
744 4295 800 4347 aut
816 4283 929 4355 solum,
947 4294 1002 4344 aut
1019 4303 1086 4366 proe

129 4391 247 4454 catoris
259 4387 516 4472 sequitu1·,quod
527 4385 738 4472 percipiendae
747 4381 937 4449 beatitudini
949 4382 1085 4446 maxime
