2992 5592
274 806 334 851 car.
350 788 400 868 a]
626 806 867 852 uurrmotcus.
1161 794 1217 852 151

272 954 487 1043 multipliciter
512 954 643 1033 dicitur,
667 969 698 1021 et
722 970 855 1042 propter
881 957 952 1036 hoc,
977 956 1064 1021 aliud
1088 955 1218 1041 quidem

270 1056 389 1131 falsum,
414 1055 504 1120 aliud
532 1069 640 1120 autem
668 1079 798 1121 verum:
833 1057 990 1143 posterius
1011 1058 1093 1122 enim
1117 1057 1219 1122 diviso

270 1160 431 1231 incertum,
449 1156 474 1221 si
491 1171 523 1222 et
539 1158 571 1221 in
588 1158 745 1244 principio
764 1162 975 1244 conspexerit,
990 1160 1136 1224 dubium.
1185 1160 1218 1223 Si

268 1271 368 1324 autem
395 1281 460 1323 non
488 1259 671 1343 praeviderit
695 1259 844 1335 dubium,
871 1261 924 1324 sed
949 1265 980 1325 in
1008 1261 1141 1325 alterum
1170 1285 1218 1325 re-

269 1358 398 1445 spiciens
420 1360 577 1446 posuerit,
594 1361 765 1424 dicendum
790 1361 829 1424 ad
853 1385 938 1441 eum,
953 1363 1009 1447 qui
1031 1362 1061 1424 in
1083 1362 1217 1427 alterum

268 1460 364 1531 ducit,
390 1461 542 1547 quoniam
567 1484 628 1524 non
652 1462 693 1526 ad
716 1463 777 1527 hoc
801 1464 968 1548 inspiciens
991 1463 1076 1544 dedi,
1100 1463 1155 1527 sed
1178 1464 1217 1528 ad

230 1594 233 1599 ·
270 1561 403 1626 alterum
420 1584 548 1625 eorum:
574 1584 644 1625 nam
669 1562 814 1648 pluribus
836 1563 1056 1639 existentibus,
1072 1586 1145 1647 quae
1160 1564 1218 1626 sub

269 1663 377 1728 eodem
394 1664 534 1742 nomine,
551 1662 600 1726 vel
624 1664 683 1728 sub
705 1663 814 1727 eadem
830 1668 972 1727 oratione
993 1677 1079 1739 sunt,
1095 1663 1219 1727 facilius

271 1778 315 1831 est
336 1764 510 1830 dubitatio.
559 1764 591 1828 Si
608 1787 682 1828 vero
704 1764 835 1850 planum
861 1765 900 1827 sit
921 1778 953 1828 et
974 1764 1107 1850 simplex
1130 1764 1218 1850 quod

270 1865 496 1948 interrogatur,
519 1878 577 1930 aut
599 1865 655 1942 sic,
678 1879 734 1929 aut
759 1888 834 1939 non,
861 1866 1126 1951 respondendum.
1172 1869 1220 1932 Ut

270 1966 347 2030 cuim
377 1979 429 2030 est
458 1966 546 2048 apud
573 1965 749 2048 Agellium,
776 1970 832 2048 qui
860 1970 895 2029 in
927 1970 1045 2030 talibus
1070 1970 1147 2050 plus·
1172 1971 1221 2031 cel

270 2070 375 2132 minue
389 2068 570 2149 respondet,
585 2089 683 2148 quam
704 2076 875 2148 quaerntur
889 2071 929 2130 ab
943 2091 987 2144 ec,
1004 2073 1120 2133 lineam
1136 2079 1220 2134 recle

269 2170 459 2253 disputandi
482 2174 625 2250 ignorat,
650 2177 707 2233 uret
730 2171 920 2233 dissimulet.
973 2170 1138 2256 Siquidem
1161 2172 1218 2255 qui

268 2283 321 2334 aut
347 2269 567 2354 multiloquio,
592 2283 650 2333 aut
680 2268 814 2334 distorta
840 2272 1040 2356 responsione
1065 2272 1217 2357 collegam

269 2371 412 2458 impedit,
429 2394 491 2434 non
510 2374 603 2436 ruodo
624 2395 741 2458 pravus
761 2374 872 2448 socius,
889 2375 943 2437 sed
965 2375 1130 2438 manifeste
1146 2398 1219 2460 pro-

272 2484 376 2536 tervus
399 2485 466 2543 est;
491 2476 668 2557 prasertim
685 2471 709 2534 si
726 2495 787 2534 non
812 2473 932 2536 habens
954 2475 1147 2551 instantiam,
1163 2474 1219 2538 ad-

270 2572 369 2636 missis
384 2572 641 2657 particularibus,
653 2572 840 2636 contradicit
856 2574 1040 2638 universali:
1066 2597 1136 2636 nam
1153 2575 1219 2637 sine

270 2673 417 2738 instantia
437 2696 511 2759 qua>
534 2674 589 2749 sic,
605 2673 656 2736 vel
672 2674 828 2748 videatur,
845 2674 1012 2757 prohibere
1034 2675 1219 2753 orationem,

270 2777 443 2861 protervire
473 2791 533 2840 est.
579 2775 611 2838 Si
643 2798 718 2861 ergo
749 2777 780 2839 in
808 2776 916 2840 multis
945 2788 1128 2860 apparente,
1157 2797 1217 2838 nou

267 2876 389 2943 dederit
429 2880 661 2957 universaliter,
699 2880 755 2963 qui
794 2901 855 2942 uon
894 2879 989 2941 habet
1027 2877 1219 2957 instantiam,

268 2979 466 3044 manifestum
492 2980 641 3063 quoniam
666 2979 834 3064 protervit,
850 2978 908 3042 nisi
930 2979 1012 3040 lorte
1034 2989 1144 3038 contra
1165 2976 1220 3040 ha-

269 3081 343 3147 bent
373 3081 603 3165 argumentari,
631 3080 782 3165 quoniam
821 3101 882 3141 non
915 3099 1023 3141 verum
1054 3091 1101 3140 est
1133 3078 1218 3163 quod

266 3182 409 3249 infertur.
456 3182 617 3267 Siquidem
642 3186 667 3245 si
688 3203 883 3266 consequens
903 3179 1016 3244 falsum
1040 3194 1099 3259 est,
1113 3179 1218 3265 palam

268 3298 315 3350 est
338 3285 488 3372 quoniam
513 3307 551 3347 cx
576 3282 838 3348 antecedentibus
861 3282 943 3345 veris
969 3305 1029 3344 uon
1053 3284 1217 3368 provenit:

266 3407 337 3452 nam
352 3409 392 3450 ex
408 3408 484 3449 vero
506 3409 669 3472 nunquam
693 3384 819 3463 falsum,
831 3406 892 3467 pro
913 3406 948 3447 co
970 3386 1054 3466 quod
1075 3389 1221 3451 ueritatis

268 3490 390 3572 integer
411 3492 517 3563 unire,
533 3510 592 3552 nec
610 3492 701 3571 parit
724 3509 782 3551 nec
805 3489 865 3551 alit
888 3488 1098 3552 mendacium.
1146 3489 1218 3553 Non

268 3602 370 3655 umen
394 3589 509 3656 sufficit
532 3590 563 3653 in
587 3592 779 3654 contrarium
804 3591 1038 3674 argumentari3
1071 3615 1108 3654 eo
1131 3593 1218 3676 quod

269 3691 360 3777 plura
389 3691 551 3757 contraria
580 3692 794 3778 opinionibus,
819 3691 1009 3777 plerumque
1034 3692 1127 3756 facile
1158 3716 1218 3756 nou

267 3792 449 3870 solvuntur,
465 3791 628 3855 hincinde
644 3793 894 3857 colluctantibus
909 3795 1121 3877 argumentis:
1147 3818 1219 3858 nam

268 3892 355 3957 Zeno
371 3891 461 3978 quod
479 3915 540 3954 non
557 3893 712 3976 contingit
729 3893 860 3969 moveri,
876 3914 979 3978 neque
995 3894 1132 3957 studium
1149 3918 1219 3982 per·

267 3994 411 4070 transire,
442 4006 473 4056 et
506 3993 717 4077 Empedocles
744 3994 786 4057 ab
810 3994 943 4058 adverso
969 3999 1075 4060 omnia
1101 3996 1218 4059 moveri

265 4094 440 4158 contendit.
488 4091 550 4155 Sed
578 4116 752 4178 paucorum
776 4094 895 4179 opinio,
920 4097 1095 4180 praesertim
1122 4117 1218 4179 quant

266 4193 446 4261 firmissima
467 4195 548 4258 ratio
571 4218 632 4259 nou
658 4195 774 4270 munit,
791 4220 884 4281 aeque
907 4198 1019 4272 firmae,
1035 4208 1066 4258 et
1087 4218 1220 4258 commu-

266 4302 350 4365 niori
375 4297 520 4384 opinioni
548 4320 609 4360 non
636 4298 779 4382 derogat.
828 4300 943 4383 ltaque
969 4311 1137 4382 protervus
1161 4312 1220 4374 est,

264 4402 319 4486 qui
348 4401 381 4464 in
408 4396 539 4470 talibus
568 4420 624 4459 nec
651 4397 813 4475 instantia,
839 4418 895 4458 nec
922 4393 1087 4456 contrariis
1117 4393 1219 4459 utitur
