2992 5592
554 819 776 867 nurnnrrcns.
1074 812 1138 870 28⁷

185 970 273 1040 Quos
289 971 387 1052 agitat
403 971 575 1036 cachethes
591 974 764 1051 scribendi,
779 994 900 1058 quosve
916 974 1082 1056 loquendi,

270 1072 332 1142 Qui
349 1072 432 1134 vitiis
447 1072 587 1150 sordent,
603 1094 685 1157 quos
700 1074 780 1137 levis
795 1094 874 1138 aurs
886 1074 980 1135 soret.

186 1173 309 1235 Horum
325 1173 497 1236 tendiculae
513 1174 633 1239 dicenti
648 1196 723 1239 vern
737 1189 899 1257 parantur,

268 1275 313 1336 Et
328 1274 390 1337 nisi
405 1297 596 1358 praecaveas,
612 1279 762 1362 publicus
778 1276 880 1339 hostie
895 1276 966 1339 eris.

184 1376 329 1438 Assertor
344 1377 411 1440 veri
426 1399 596 1461 personam
612 1382 714 1443 nescit
728 1379 837 1453 amici,
1056 1383 1139 1441 loos

271 1478 424 1542 Decemit
439 1481 558 1543 meritis
572 1483 704 1566 praemia
719 1482 809 1544 nulla
823 1481 907 1558 siris,

184 1577 333 1640 Perennis
348 1579 461 1660 parcit,
471 1578 577 1661 judex
592 1581 625 1642 in
643 1581 777 1645 crimina
791 1602 905 1653 saevus,

271 1680 316 1741 Et
329 1679 395 1742 vitii
410 1680 516 1743 labem
533 1702 658 1764 semper
673 1683 794 1766 ubique
810 1694 909 1746 notat.

185 1782 249 1840 Aut
264 1793 371 1843 taceas
386 1801 515 1863 prorsus
529 1792 585 1844 aut
601 1803 705 1865 pauca
719 1784 860 1866 loquaris
875 1784 908 1846 in
923 1785 1006 1859 aula,

271 1884 336 1942 Aut
352 1902 484 1964 quaeras,
497 1883 531 1943 iu
547 1904 611 1965 quo
626 1904 696 1946 rure
710 1886 807 1947 latere
824 1906 931 1969 queas,
1057 1889 1140 1949 loro

186 1983 269 2043 Nam
286 1983 311 2043 si
327 2003 391 2044 oon
408 1982 512 2065 parcis
528 1984 643 2062 verbis,
658 2006 754 2048 nemo
769 1987 827 2048 tibi
843 1999 964 2069 parcet,

270 2083 509 2166 Praevenietque
525 2083 594 2147 dies
608 2087 708 2169 impia
723 2088 817 2150 turba
832 2099 913 2151 tuos.

187 2183 252 2246 Sub
268 2184 350 2247 duce
366 2186 497 2269 praefato
513 2187 540 2248 si
556 2187 635 2251 sorte
651 2189 773 2253 recedis
789 2192 830 2253 ab
846 2191 930 2268 aula,

271 2284 389 2370 Sospes
405 2300 437 2349 et
451 2299 487 2350 ut
501 2299 587 2352 tutus
602 2289 748 2372 quolibet
762 2291 807 2354 ire
823 2312 933 2375 queas,

185 2386 291 2450 Pauca
306 2389 350 2450 tui
367 2390 495 2452 tandem
512 2390 649 2454 stillabis
663 2392 696 2454 in
712 2414 787 2456 aure
804 2396 941 2478 patroni,
1057 2400 1140 2458 loro

271 2491 351 2562 Qua
366 2494 510 2555 recolens
525 2504 665 2577 nequeat
679 2494 845 2557 immemor
860 2517 931 2558 esse
946 2497 1005 2559 sui.

187 2589 255 2653 Lex
270 2591 379 2656 divina
394 2592 487 2656 bouis
502 2594 630 2657 vivendi
647 2596 714 2658 sola
730 2597 889 2677 magistra,

273 2693 348 2755 Non
365 2706 504 2758 veterum
519 2697 609 2771 ritus,
624 2696 680 2778 qui
695 2696 818 2758 ratione
835 2708 952 2758 carent

186 2795 322 2875 Pervigil
338 2796 422 2858 hanc
438 2795 568 2859 studeas
582 2816 659 2858 cura
674 2816 797 2858 servare
813 2797 956 2879 pereuni,

273 2899 358 2959 Nam
374 2910 548 2960 servatores
564 2909 667 2959 servat
681 2908 714 2959 et
728 2897 799 2981 ipsa
814 2918 898 2959 suos.
1059 2903 1141 2961 1⁶20

186 2998 257 3059 Lex
272 2998 422 3073 humana,
440 2997 502 3060 Dei
519 2998 544 3058 si
562 2997 603 3059 sit
618 2998 775 3060 contraria
790 2997 863 3078 legi,

273 3101 444 3160 Auctorem
460 3097 602 3174 damnat,
616 3119 682 3183 quo
696 3111 849 3180 pereunte
865 3099 957 3183 perit.

233 3197 325 3271 Quod
338 3196 420 3277 leges
433 3198 539 3259 civiles
553 3205 784 3279 comparantur
797 3219 997 3264 araneorum
1013 3202 1093 3265 telis.

190 3298 283 3358 Retia
298 3297 462 3359 solvuntur
476 3296 599 3374 leviter,
613 3317 686 3380 qnae
703 3298 785 3361 texit
800 3300 949 3378 arachne,

276 3399 351 3458 Arte
366 3408 473 3459 tamen
490 3398 567 3460 mira
584 3397 639 3460 fila
653 3399 738 3460 coire
754 3399 830 3461 facit
839 3423 849 3477 ;

189 3496 377 3578 Impediunt
391 3496 504 3560 eadem
521 3519 699 3562 muscarum
716 3520 851 3583 corpora
865 3522 972 3583 parva,
1059 3505 1142 3567 lm

277 3599 463 3683 Magnaque
481 3599 506 3662 si
524 3600 664 3678 veniant,
679 3602 823 3685 quolibet
838 3603 883 3666 ire
899 3604 1026 3682 ainuu13

191 3701 256 3777 Sic,
274 3701 469 3765 Anacharsis
483 3703 539 3778 ait,
555 3703 706 3766 cohibent
721 3702 827 3765 civilis
836 3703 911 3788 jura

278 3802 450 3883 Invalidos,
467 3805 591 3886 maguis
607 3805 754 3889 quolibet
771 3805 817 3867 iro
831 3805 918 3869 licet.

193 3908 267 3968 Nou
284 3906 327 3969 ita
341 3906 396 3968 lex
409 3919 526 3970 aetema
541 3919 656 3990 potens
672 3919 818 3991 torquere
834 3918 983 3992 potentes

279 4012 383 4093 Atque
394 4010 505 4073 fovens
520 4007 667 4088 humiles,
683 4031 764 4094 quos
780 4009 868 4073 ridet
879 4032 949 4073 esse
959 4014 1041 4094 pios.
1061 4015 1142 4076 1530

313 4112 366 4174 De
380 4113 563 4175 diversitate
577 4115 784 4194 hospitiorum
800 4118 831 4173 et
845 4113 1013 4192 hospitum.

196 4212 257 4273 His
272 4213 367 4277 dictis
382 4217 478 4278 abeas
487 4215 669 4298 jubeasque
687 4216 790 4277 valere
806 4221 985 4294 patronum,

281 4317 454 4400 Natalique
470 4317 538 4378 solo
554 4330 584 4378 te
601 4328 781 4391 revocante,
796 4312 874 4375 redi.

195 4418 323 4488 Quanta
337 4417 418 4480 fides
434 4419 475 4480 sit
490 4419 521 4478 in
539 4415 698 4499 hospitiis,
713 4415 855 4499 inquire,
870 4411 982 4491 viator,
