2992 5592
271 787 330 846 les
523 798 660 842 sotanis
676 797 954 842 stnnsnnmnnsrs
1065 780 1149 861 [mn.
1167 803 1213 846 111.

266 953 453 1016 universitas
474 951 702 1034 amularium,
717 951 852 1013 historia
872 957 999 1013 notura
1019 961 1089 1013 est:
1116 974 1137 1012 α
1155 974 1216 1034 qno

266 1055 427 1132 emender,
442 1049 594 1135 quicquid
609 1051 642 1113 in
659 1049 755 1113 rebus
769 1047 936 1113 actualiter
950 1070 1156 1136 nequaquam
1171 1052 1218 1115 in·

266 1153 401 1219 venitur.
447 1156 492 1217 Et
506 1152 658 1239 quoniam
679 1162 894 1237 agnoscuntur
910 1174 950 1216 ex
965 1153 1130 1237 subjectis,
1145 1155 1217 1219 talia

266 1267 350 1334 sunt,
367 1266 403 1319 ut
422 1255 467 1320 ait
485 1253 647 1330 Boethius,
664 1253 846 1339 praedicata,
861 1253 969 1341 qualia
989 1256 1135 1341 subjecta
1149 1280 1219 1342 per·

265 1356 421 1421 miserint.
469 1355 566 1420 Unde
592 1355 691 1419 virtus
721 1354 1056 1441 praedicamentomm,
1084 1380 1157 1445 quae
1186 1359 1216 1422 iu

266 1460 417 1546 operibus
445 1469 569 1522 naturae
596 1456 691 1539 viget,
719 1455 804 1520 circa
828 1456 969 1522 divinam
997 1459 1217 1525 excellentiam

266 1561 434 1627 evanescit
473 1560 554 1624 Illuc
568 1558 654 1623 enim
671 1570 773 1622 tracta
788 1558 884 1622 verba
899 1570 1066 1625 mutantur
1081 1562 1217 1637 omnino,

267 1677 323 1729 ant
350 1663 428 1729 salsa
454 1676 545 1738 sunt;
578 1659 808 1746 multiplicatur
837 1673 870 1725 et
896 1660 986 1726 labor
1012 1685 1086 1726 cum
1118 1686 1219 1728 errore

266 1790 390 1844 eorum,
420 1767 475 1853 qui
511 1764 574 1828 vim
611 1763 930 1850 praedicamentorum
966 1766 1147 1831 extendunt
1179 1767 1219 1830 ed

266 1870 384 1949 omnia,
409 1882 443 1933 et
472 1868 552 1931 lines
578 1865 772 1931 naturalium
803 1866 1004 1943 excedentes,
1032 1868 1218 1933 subvertunt

265 1970 481 2054 integritatem
507 1969 592 2044 artis,
619 1968 697 2031 dum
724 1968 849 2052 regulas
877 1990 942 2032 non
967 1969 1132 2055 patiuntur
1157 1971 1219 2035 suis

265 2071 436 2156 generibus
448 2070 588 2134 limitari.
622 2069 738 2136 Omnis
750 2070 837 2134 enim
853 2070 974 2155 regula,
984 2084 1017 2136 et
1032 2072 1219 2137 universitas

266 2173 379 2249 omnis,
395 2172 489 2236 alicui
504 2171 614 2257 generi
630 2172 870 2237 accommodata
885 2185 944 2253 est,
955 2173 1045 2258 cujus
1059 2174 1218 2239 ambitum

266 2275 292 2339 si
308 2274 501 2340 lasciviendo
522 2273 701 2351 excesserit,
717 2274 804 2338 illico
822 2274 959 2340 vitiatur.
1008 2275 1156 2341 Profecto
1171 2300 1219 2342 re·

267 2399 337 2441 rum
364 2376 704 2463 praedicamentalium,
728 2389 762 2441 et
785 2399 978 2456 sermonum,
1003 2380 1148 2465 perutilis
1172 2392 1219 2446 est

265 2477 391 2560 notitia,
407 2489 441 2542 et
460 2478 591 2542 evidens
611 2478 652 2543 ab
678 2478 850 2544 Aristotele
873 2479 1051 2565 disciplina,
1076 2481 1220 2546 universa

266 2580 428 2659 describit,
444 2581 569 2662 dividit,
584 2593 617 2645 et
639 2581 821 2668 docetque.
844 2581 973 2646 veniant
993 2583 1034 2646 ad
1057 2605 1219 2671 compara-

268 2684 401 2761 tionem,
411 2706 485 2772 quoe
497 2683 711 2770 susceptibilia
727 2684 955 2748 contrariorum
972 2685 1046 2762 sint,
1060 2709 1135 2772 quae
1149 2686 1219 2763 sint,

268 2809 404 2873 quornm
425 2787 598 2853 contraria:
626 2808 700 2873 qnae
722 2785 818 2850 totius
840 2786 1072 2852 contrarietatis
1094 2789 1219 2875 ignem:

267 2890 451 2977 exemplum
475 2889 657 2976 relinquens
680 2888 813 2974 posteris
834 2911 898 2973 quo
921 2889 962 2953 ad
986 2890 1052 2954 veri
1075 2891 1218 2957 notitiam

267 2991 579 3080 compendiosissime
602 2991 795 3078 pervenitur.
842 2991 884 3055 Et
906 2991 984 3078 quie
1004 2994 1221 3080 multiplicitas

267 3118 462 3178 sermonum,
471 3095 659 3182 plerumque
670 3094 916 3180 intelligentiam
928 3095 1059 3174 claudit,
1075 3097 1220 3184 quotiens

268 3199 393 3264 dicatur
416 3198 667 3286 unumquodque
691 3197 786 3262 docet
808 3220 876 3262 esse
903 3200 1126 3283 querendum.
1173 3200 1219 3265 Eo

268 3301 355 3365 enim
377 3302 528 3386 pertinet,
544 3300 630 3387 quod
653 3303 686 3364 in
709 3300 871 3387 oppositis,
892 3313 926 3365 et
948 3300 1007 3378 his,
1032 3325 1107 3398 quae
1126 3309 1221 3389 prius

266 3412 328 3467 nnt
342 3408 451 3482 simut,
465 3403 614 3467 dicuntur
635 3416 669 3468 et
685 3403 719 3466 in
739 3402 906 3490 speciebus
926 3416 1042 3481 motus,
1058 3418 1091 3470 et
1113 3405 1222 3491 hujus·

268 3502 356 3567 modi
378 3503 480 3567 modis
501 3503 618 3568 librum
637 3505 787 3591 explevit.
833 3505 924 3570 Nihil
947 3507 1033 3570 enim
1054 3507 1164 3573 utilius
1182 3507 1221 3572 ad

267 3604 444 3686 scientiam,
472 3617 528 3670 aut
557 3605 732 3686 victoriam,
763 3608 965 3674 distinctione
995 3632 1120 3692 eorum,
1149 3632 1220 3698 quic

267 3706 486 3792 multipliciter
514 3708 727 3795 proferuntur.
783 3711 951 3799 &trangit
979 3724 1090 3778 autem
1120 3727 1222 3780 tractu

267 3810 429 3896 temporis,
446 3826 479 3876 et
498 3811 724 3899 adquiescente
739 3815 900 3878 utentium
922 3814 1098 3893 voluntate,
1115 3816 1221 3881 multi·

267 3913 442 4001 plicitatem
458 3936 641 3980 sermonum
658 3916 753 3993 nasci,
770 3916 912 4002 itemque
934 3917 1091 4003 extingui.
1139 3919 1221 3982 Nam

267 4018 352 4104 apud
370 4017 574 4082 Aristotelem
597 4021 750 4084 cultellus
764 4029 891 4100 acutas,
905 4025 1020 4103 anguli
1040 4026 1133 4088 nenti
1154 4041 1223 4086 esse

267 4120 475 4208 significabat,
505 4144 607 4208 quum
638 4120 732 4184 modo
763 4121 867 4206 potius
901 4121 1047 4187 videatur
1082 4123 1221 4188 indicare

267 4225 359 4290 facile
375 4225 510 4289 secantis
532 4246 686 4290 acumen:
715 4223 760 4287 sic
775 4224 861 4288 enirn
880 4224 1006 4302 dicitur,
1020 4229 1156 4309 plonius
1178 4229 1223 4292 tis

267 4342 391 4405 centres,
407 4329 558 4416 quoniam
580 4327 741 4413 utrimque
762 4326 855 4391 facile
876 4338 972 4391 secat.
1019 4327 1178 4403 Quamvis
1191 4339 1224 4392 et

267 4428 338 4511 hoc,
363 4430 573 4517 perspicacius
602 4429 750 4506 intuenti,
777 4427 818 4493 ab
848 4429 997 4493 acumine
1027 4431 1219 4516 angulomm
