2992 5592
267 805 329 865 1⁷0
518 815 655 861 rotatus
670 814 954 861 mortuummare
1078 798 1163 880 [nm.
1178 820 1218 865 rr.

266 967 455 1033 Aristoteles
470 966 581 1032 definit
596 989 661 1032 eoae
677 968 883 1031 vehementem
895 969 1089 1050 opinionem.
1129 970 1219 1035 Fides

262 1080 385 1147 autem,
401 1081 465 1134 tam
481 1068 513 1132 in
530 1067 689 1147 humanis,
702 1090 800 1154 quam
823 1067 855 1131 in
879 1066 997 1132 dit-iuis
1012 1069 1121 1148 rebus,
1137 1094 1219 1136 max·

262 1172 326 1236 ime
342 1170 515 1236 necessaria
536 1184 604 1243 eat;
636 1193 736 1255 quum
756 1193 813 1235 nec
835 1183 1019 1235 contractus
1034 1169 1102 1236 sine
1124 1197 1219 1237 eaoe-

264 1273 380 1338 lebrari
410 1277 497 1338 inter
526 1275 667 1336 homines
695 1284 836 1356 possent,
859 1284 916 1335 aut
945 1271 1056 1360 aliqua
1086 1274 1219 1339 exerceri

265 1373 467 1440 commercia:
492 1373 636 1459 quinimo
646 1373 728 1437 inter
740 1372 883 1436 homines
893 1393 1026 1458 quoque
1036 1377 1218 1439 meritorum

265 1477 537 1564 praemiorumque
563 1473 674 1561 nequit
705 1497 772 1539 esse
798 1474 1035 1554 commercium,
1061 1475 1125 1540 lide
1151 1476 1219 1541 auh

266 1593 383 1646 tracta.
419 1581 503 1645 Haec
517 1591 623 1642 auteur
641 1590 709 1641 tum
727 1576 822 1640 habet
837 1576 1000 1652 meritum,
1014 1599 1120 1662 quum
1137 1600 1220 1640 veros

266 1680 308 1745 de
324 1679 492 1765 Religione
506 1690 592 1743 tenet
607 1678 775 1744 articulos:
802 1691 834 1742 et
851 1693 909 1752 est,
926 1690 963 1742 ut
978 1678 1024 1741 ait
1042 1678 1221 1764 Apostolus,

267 1782 446 1847 substantia
461 1804 567 1846 rerum
585 1780 828 1868 sperandarum,
841 1793 1069 1863 argumentum
1087 1802 1150 1844 non
1171 1802 1222 1863 up

267 1884 459 1971 parentium.
499 1885 560 1947 Est
570 1896 602 1947 et
611 1883 715 1946 media
725 1882 807 1946 inter
816 1882 996 1967 opinionem
1007 1891 1040 1944 et
1051 1881 1222 1956 scientiam,

266 1987 418 2072 quoniam
442 2007 501 2071 per
517 1985 747 2050 vehementiam
767 1993 889 2048 certum
906 1984 1038 2049 asserit:
1068 1983 1110 2046 ad
1133 1985 1223 2068 cujus

265 2085 489 2151 certitudinem
505 2109 564 2173 per
587 2086 752 2151 scientiam
770 2109 832 2150 non
855 2084 989 2151 accedit.
1031 2083 1129 2148 Unde
1152 2086 1223 2148 Ma·

266 2187 365 2277 gister-
378 2186 493 2272 Hugo:
517 2186 612 2252 Fides
624 2201 671 2252 eat
683 2186 863 2252 voluntaria
873 2185 1032 2252 certitudo
1041 2186 1222 2252 absentium

267 2310 366 2375 supra
380 2288 572 2375 opinionem,
583 2288 668 2352 iufra
682 2288 858 2370 scientium,
873 2288 1058 2354 constituto.
1096 2287 1160 2352 Sed
1175 2287 1224 2352 hic

267 2389 406 2455 scientim
421 2411 535 2453 nomeu
550 2389 721 2454 dilatatum
738 2403 801 2468 est,
817 2405 848 2455 et
866 2413 969 2477 utque
982 2389 1025 2454 ad
1042 2388 1222 2454 divinorum

266 2491 578 2579 comprehensionem
595 2491 812 2579 protenditur.

270 2653 350 2740 Cap.
369 2659 418 2718 lt.
448 2655 501 2719 Do
521 2654 704 2735 cognitione
725 2650 888 2738 φρονῆσεως,
907 2658 939 2714 et
960 2648 1109 2728 dialtione:
1138 2657 1171 2715 et
1190 2650 1227 2714 de

493 2765 568 2822 ortu
580 2757 758 2839 phroneaia
775 2762 806 2820 et
820 2774 895 2838 quae
907 2757 1002 2819 ratio.

314 2887 367 2955 En
381 2891 459 2976 quia
473 2889 590 2955 veritas
604 2890 786 2975 prudentiae
802 2889 935 2954 materia
949 2902 997 2954 eat
1015 2889 1099 2968 (uam
1115 2889 1148 2954 in
1160 2891 1225 2954 reri

269 2992 550 3078 comprehensione
564 2992 712 3075 loborat,)
728 2993 890 3056 finxerunt
907 2992 1034 3078 antiqui
1054 2992 1223 3080 phronesin

269 3108 303 3160 et
325 3094 454 3174 ἅληθείαν
477 3118 544 3160 esae
569 3117 748 3180 germanas,
772 3118 810 3159 eo
835 3095 922 3180 quod
949 3095 1133 3181 prudentiae
1154 3118 1226 3161 cum

270 3197 405 3263 veritate
420 3211 467 3263 est
490 3197 638 3286 quoedam
654 3196 764 3261 diviua
777 3200 935 3282 coguatio.
980 3197 1061 3262 Inde
1076 3201 1226 3285 estquod

271 3298 313 3362 ab
328 3313 460 3386 aspectu
478 3300 620 3364 veritatis
636 3297 817 3385 prudentia,
833 3296 858 3361 ai
882 3298 1024 3385 perfecta
1041 3312 1102 3379 est,
1116 3301 1227 3386 nequit

270 3400 391 3462 arceri:
431 3423 542 3464 verum
572 3400 736 3487 quiahoc
763 3399 923 3465 hominum
952 3415 1101 3478 nonest,
1128 3402 1229 3469 latent

271 3521 382 3563 verum
408 3501 502 3566 avide
531 3502 650 3587 quaerit
675 3501 802 3566 infirma
827 3501 976 3568 conditio.
1022 3504 1069 3569 Et
1095 3504 1227 3592 quidem

271 3611 404 3686 propter
424 3600 564 3666 fallacias
586 3624 735 3667 aeuauum
758 3616 790 3668 et
812 3601 1010 3690 opinionum,
1025 3609 1080 3673 vix
1103 3608 1136 3672 in
1158 3609 1228 3694 ejus

271 3701 514 3789 investigatione
536 3704 673 3770 fideliter
699 3705 836 3781 incedit;
875 3706 928 3770 vix
955 3721 1002 3772 est
1027 3706 1060 3773 in
1086 3733 1229 3799 compre-

271 3803 421 3870 hensione
443 3827 570 3869 secura:
603 3806 712 3871 recolit
735 3808 818 3872 enim
842 3832 876 3872 se
900 3808 1066 3898 deceptam
1093 3836 1173 3889 ease,
1196 3828 1229 3881 et

272 3925 364 3992 posse
378 3902 493 3991 decipi.
540 3905 738 3971 Sollicitatur
760 3932 849 3996 ergo,
864 3923 901 3976 ut
916 3912 1007 3976 fimra
1024 3915 1228 4002 perceptione

272 4004 421 4094 gaudent,
451 4006 698 4094 indubitatoque
722 4011 859 4096 judicio,
888 4014 979 4099 quod
1009 4029 1114 4101 potest
1146 4020 1228 4083 ratio

274 4105 447 4196 appellari:
483 4106 641 4195 siquidem
665 4124 771 4174 ratum
798 4126 830 4177 et
859 4115 987 4179 firmum
1018 4128 1067 4181 est
1097 4116 1228 4182 rationis

273 4232 416 4277 examen.
475 4209 686 4297 Philologiam
723 4235 802 4300 ergo
831 4216 916 4301 parit
941 4217 1118 4303 phronesis,
1148 4218 1228 4284 dum

274 4336 362 4379 amor
385 4312 451 4378 reri
474 4312 620 4379 sollicitat
648 4313 850 4399 prudentiam
873 4317 915 4382 ad
938 4319 1085 4385 notitiam
1108 4342 1229 4400 rerum,

273 4415 1148 4509 dequibusfcrrivultsincerumiirmumquejudicum.
1183 4430 1229 4493 Et
