2992 5592
583 802 804 848 annuntiotis.
1107 790 1169 848 24⁸

221 957 300 1019 Haec
311 954 417 1018 schola
430 956 472 1020 sic
483 955 619 1041 juvenes
630 955 729 1020 voluit
741 957 947 1042 juvenescere
959 976 1096 1041 semper,
1109 960 1168 1021 1⁴25

303 1057 351 1121 Ut
366 1057 582 1145 dedignentur
595 1081 685 1122 nosse
701 1059 752 1122 vel
767 1080 833 1121 esse
848 1080 946 1122 senes.

219 1160 262 1222 Et
278 1158 423 1243 quamvis
436 1172 566 1224 tueatur
580 1182 648 1223 eam
665 1179 818 1223 uumerus
834 1159 1079 1232 Garamantum,

303 1261 393 1337 Quos
408 1258 525 1323 audere
540 1274 646 1324 monet
662 1259 775 1346 t'asque
788 1260 941 1345 nefasque
956 1259 1059 1337 furor,

218 1363 307 1438 Quos
321 1360 409 1445 guia,
424 1384 505 1447 quos
520 1360 621 1426 fastus
636 1374 746 1447 captos
758 1360 874 1424 servire
889 1359 1004 1444 coegit,

305 1463 393 1539 Quos
409 1465 542 1527 transire
558 1464 667 1526 Venus
683 1463 715 1525 in
732 1485 789 1526 sua
804 1475 908 1527 castra
923 1462 1014 1536 facit,
1109 1465 1171 1528 130

220 1568 269 1629 Tu
289 1578 391 1630 tamen
408 1578 550 1629 armatus
565 1564 677 1651 clypeo
693 1566 822 1630 virtutis
837 1579 868 1630 et
884 1588 968 1639 ense,

306 1668 352 1732 Ut
370 1667 487 1731 rabiem
504 1668 653 1752 perimas,
668 1667 782 1732 obvius
797 1668 859 1732 ibis
874 1668 929 1732 eis.

478 1768 529 1831 De
543 1770 805 1832 rotundatoribua
819 1770 914 1832 verbi.

220 1875 300 1936 Esse
315 1881 495 1934 catenatum
510 1893 545 1933 se
560 1868 661 1933 credit
678 1870 891 1949 SertorianuS,

307 1972 340 2035 Si
350 1971 467 2057 jubeas
481 1985 566 2034 recte
583 1970 699 2048 vivere,
715 1970 781 2034 sive
795 1969 894 2058 loqui.

224 2070 296 2134 Hoc
307 2092 474 2146 onus,ecce
482 2068 706 2155 jugum‚qnod
716 2069 1099 2157 ritansnostrajuventus
1114 2077 1174 2137 135

309 2171 358 2234 Ad
375 2194 534 2236 summum
551 2171 652 2235 currit
667 2173 866 2258 prosperiore
881 2174 945 2247 via3

223 2274 371 2339 Admittit
388 2273 512 2348 Soloen,
529 2273 624 2336 sumit
640 2273 728 2359 quod
749 2272 911 2338 Barbarus
924 2275 1030 2352 offert,

309 2379 423 2442 Inserit
438 2375 506 2439 hoec
522 2375 637 2455 verbiS,
653 2374 785 2461 negligit
801 2388 869 2440 arte
885 2375 983 2463 loqui.

226 2477 298 2541 Hoc
315 2477 376 2541 ritu
394 2477 533 2563 linguam
550 2476 646 2542 comit
662 2480 876 2557 Normanous,
891 2478 999 2544 haberi

311 2584 397 2645 Dum
413 2580 503 2667 cupit
518 2579 670 2655 urbanus,
688 2580 983 2665 Francigenamque
999 2584 1098 2669 sequi.
1115 2588 1175 2650 140

226 2684 360 2748 Auiicus
375 2683 434 2746 hoc
450 2697 556 2746 noster
572 2679 714 2745 tumidus
730 2703 872 2744 sermone
889 2682 1028 2747 rotundo

311 2784 407 2851 Ridet
422 2781 536 2848 natalis
551 2781 670 2845 rustica
685 2781 782 2843 verba
798 2778 866 2847 soli.

224 2890 334 2952 Sermo
349 2886 507 2950 rotundus
522 2883 572 2947 hic
588 2900 646 2958 est,
662 2904 760 2969 quem
776 2880 886 2966 regula
901 2883 990 2948 nulla
1004 2897 1155 2963 coarctat,

311 2990 413 3067 Quem
431 3008 508 3068 gens
523 2983 611 3048 nulla
626 2997 731 3068 potest
747 2983 852 3047 dicere
862 2985 937 3070 jure
953 3006 1059 3048 suum.

226 3091 303 3154 vitis
317 3087 404 3174 apud
422 3096 541 3149 veteres
556 3085 661 3149 fuerat
679 3083 793 3147 modus
808 3083 867 3148 iste
882 3085 1047 3171 loquendi,
1117 3093 1177 3152 145

310 3190 399 3274 Lege
414 3188 496 3251 bona
513 3185 623 3250 solitos
639 3188 756 3265 vivere,
771 3187 840 3271 lege
856 3186 954 3271 loqui.

585 3293 636 3353 De
652 3290 818 3371 Hyrcano.

224 3393 286 3461 Sed
302 3396 378 3479 quia
393 3389 589 3477 temporibus
607 3387 738 3452 Hircaui
758 3387 865 3453 floruit
882 3388 969 3466 olim,

311 3498 374 3561 Cui
391 3517 457 3581 prae
471 3496 541 3578 lege
558 3491 620 3556 Dei
634 3503 728 3577 grata
743 3490 843 3555 libido
857 3491 932 3569 t'uit,

224 3602 288 3676 Qui
305 3620 393 3681 reges
408 3594 489 3661 falso
504 3593 592 3658 nulla
607 3593 667 3657 aub
684 3593 753 3679 lege
769 3593 879 3671 teneri,

311 3699 356 3762 Et
371 3694 526 3783 quicquid
543 3695 648 3774 libuit,
663 3693 798 3760 credidit
812 3715 880 3759 ease
894 3695 997 3783 pium,
1117 3705 1177 3767 150

225 3800 399 3887 Praeplacet
414 3799 466 3863 hio
481 3819 569 3879 usus,
583 3797 634 3862 cui
651 3798 735 3884 regis
750 3798 855 3883 gratia
869 3801 970 3888 major

312 3902 424 3980 Affuit,
439 3917 470 3968 et
487 3903 625 3990 pretium
642 3925 745 3966 sermo
761 3901 921 3970 rotundus
935 3904 1041 3969 babet.

555 4007 607 4072 De
622 4007 853 4088 Mandrogero.

227 4110 475 4197 Mandrogerum
493 4109 548 4176 tali
565 4109 628 4175 ritu
645 4106 756 4171 florere
772 4107 929 4185 videmus,

314 4214 382 4277 Sub
398 4237 462 4298 quo
477 4233 533 4275 nec
550 4211 655 4295 turpis
669 4231 764 4274 causa
780 4209 883 4297 perire
899 4220 1015 4293 potest.

229 4313 434 4400 Mandrogeri
451 4337 546 4397 nugae
562 4311 716 4398 sapientia
731 4334 857 4376 summa
872 4310 1034 4382 videntur,
1118 4313 1178 4372 155

314 4415 480 4500 Verbaque
496 4412 701 4495 Mandrogeri
718 4411 858 4474 formula
868 4409 952 4495 juria
966 4420 1070 4472 erunt.

679 4520 736 4577 112
