2992 5592
271 814 334 872 aas
531 818 667 864 Jouxurs
682 814 966 862 sunssnunrnn'srs

271 974 454 1044 solubiliter,
479 972 653 1034 Dororiarn
678 971 841 1055 profectus
869 982 939 1048 est;
968 972 1086 1055 ibique
1114 971 1227 1034 inuenit

270 1078 419 1142 clericum
436 1073 595 1158 quendam
611 1074 740 1136 nomine
758 1075 959 1136 Willelmum
975 1073 1020 1136 de
1044 1076 1227 1149 Warewast,

270 1201 363 1262 quem
387 1198 446 1239 rex
460 1178 529 1239 sine
554 1177 626 1238 Deo
649 1176 689 1239 ad
712 1177 900 1238 Anselmum
929 1175 1109 1240 direxerat.
1162 1177 1226 1239 Mo

269 1293 355 1344 ratus
376 1291 425 1343 est
446 1279 474 1341 is
497 1278 611 1342 diebus
632 1277 815 1362 quindecim
836 1279 870 1340 iu
892 1300 1008 1341 mensa
1024 1279 1183 1354 Anselmi,
1197 1289 1228 1341 nt

268 1382 464 1447 domesticus
484 1382 515 1442 in
537 1381 685 1443 omnibus
703 1391 735 1443 et
756 1379 877 1463 ubique
900 1381 1028 1444 intrans
1049 1395 1082 1444 et
1098 1382 1225 1451 exiens}

269 1506 331 1547 nec
347 1483 443 1547 alicui
459 1482 579 1545 indicat
596 1482 636 1544 ad
656 1481 734 1564 quid
753 1483 872 1544 missus
893 1483 946 1544 sit.
991 1484 1107 1555 Quum
1129 1495 1226 1546 autern

268 1595 376 1648 nauta>
398 1605 509 1646 navem
532 1596 680 1663 urgerent
697 1584 871 1646 ascendere
894 1596 928 1647 et
951 1586 1092 1649 sarcinae
1113 1587 1227 1669 proter·

270 1697 392 1761 rentur;
410 1706 486 1749 cece
502 1684 586 1746 idem
603 1685 783 1746 Willelurus
799 1704 872 1746 cum
889 1697 1025 1769 stupore
1041 1689 1185 1751 omnium
1199 1699 1227 1750 et

271 1787 490 1870 indignatione
513 1785 791 1867 archiepiscopum
812 1787 901 1848 velut
922 1787 1097 1868 fugitivum
1119 1802 1153 1853 et
1173 1790 1223 1852 ali·

270 1888 363 1972 cujus
392 1888 533 1952 criminis
557 1909 645 1949 reum
668 1888 701 1947 in
731 1887 823 1948 litore
853 1886 988 1964 detinet,
1014 1893 1176 1953 manticas
1197 1903 1227 1953 et

270 1992 403 2055 clitellas
417 1990 544 2066 evolvit,
560 1988 682 2071 etquid
698 1989 730 2050 in
755 2000 820 2051 tota
841 1991 1037 2071 supellectili
1059 1993 1227 2056 haberetur

270 2095 414 2157 solicitus
442 2102 654 2174 perscrutator
679 2093 833 2172 explorat.
886 2093 1011 2156 Delusa
1042 2106 1093 2157 est
1123 2107 1223 2158 autern

271 2191 443 2254 solicitudo
474 2189 656 2271 querentis,
682 2189 820 2271 pecnnia
848 2210 914 2252 non
945 2190 1090 2255 inventa.
1136 2195 1225 2256 Tunc

269 2301 373 2352 autem
397 2290 529 2350 licenter
551 2289 701 2349 Anselmo
727 2289 905 2367 recedente,
928 2313 1004 2354 cum
1025 2295 1177 2375 precibus
1196 2308 1226 2355 et

267 2391 438 2472 lachrymis
464 2391 737 2471 circumspectans
760 2393 932 2456 multitudo
955 2397 1174 2480 prosequitur,
1194 2409 1225 2458 et

268 2495 301 2556 in
317 2493 471 2555 nuncium
487 2491 673 2554 redeuntem
695 2494 917 2557 acerbissimas
940 2497 1182 2579 increpationes
1196 2508 1227 2560 et

267 2595 510 2677 imprecationes
524 2595 693 2678 intorquet.
739 2596 803 2657 Vix
819 2597 982 2679 aliquanto
1003 2599 1102 2661 maris
1122 2599 1225 2681 spatio

270 2698 402 2780 digressi
428 2709 503 2761 sunt
531 2697 786 2779 peregrinantes,
815 2710 846 2759 et
873 2720 951 2762 eece
982 2712 1107 2762 mutato
1133 2713 1226 2762 vento

268 2800 357 2884 prius
372 2809 568 2862 murmurant
582 2812 698 2875 nautae,
710 2797 824 2860 deinde
840 2800 947 2880 palam
963 2813 1183 2884 protestantur
1196 2811 1227 2864 et

268 2904 408 2966 clamant
439 2903 586 2963 omnibus
617 2913 671 2963 aut
700 2900 900 2963 moriendum
931 2915 987 2965 aut
1025 2903 1225 2966 redeundum

268 3024 347 3067 esse.
393 3004 466 3075 Quo
495 3003 604 3065 audito
629 3002 799 3064 Anselmus
829 3002 981 3085 lacrymis
1011 3008 1152 3068 suffusus
1177 3006 1222 3066 in·

268 3106 399 3186 gemuit,
414 3116 447 3167 et
462 3125 626 3167 recurrens
641 3103 682 3165 ad
698 3115 851 3166 consueta
866 3106 1048 3168 orationum
1064 3108 1224 3189 suffragia,

269 3207 329 3271 ait:
362 3208 382 3241 “
399 3207 572 3289 Dispenset
599 3208 698 3280 DeuS,
721 3205 883 3287 dispenset
911 3206 1076 3270 Dominus
1102 3210 1134 3272 in
1162 3229 1223 3282 me,

268 3309 355 3392 qnod
373 3309 521 3384 r·0luerit;
545 3320 576 3370 et
591 3309 623 3369 in
641 3307 789 3390 pristinas
812 3307 953 3371 retrudat
974 3330 1148 3386 aerumnas3
1171 3319 1226 3373 aut

269 3410 301 3471 in
329 3410 519 3491 obsequium
545 3431 648 3486 suum,
671 3410 752 3471 sicut
775 3408 845 3489 ipso
868 3409 1044 3492 inspirante
1070 3410 1225 3495 disposui,

266 3512 417 3594 progredi
433 3512 573 3593 patiatur
588 3527 620 3574 et
634 3512 737 3574 saciat.
784 3513 900 3595 Neque
922 3514 1006 3575 enim
1028 3535 1121 3577 meus
1140 3535 1224 3591 sum,

266 3612 323 3675 sed
345 3614 459 3675 illius,’'
507 3614 568 3676 His
590 3614 686 3677 dietis
708 3613 741 3675 in
768 3626 932 3677 momento
959 3636 1153 3697 agnosceres
1179 3617 1223 3678 ri·

265 3712 384 3776 carium
406 3713 494 3794 ejus,
520 3716 574 3796 qni
605 3717 739 3797 imperat
767 3716 867 3777 ventis
896 3726 930 3777 et
953 3719 1047 3793 mari;
1082 3729 1178 3781 vento
1204 3739 1222 3782 e

264 3815 393 3895 regione
408 3828 568 3892 surgente,
584 3818 640 3897 qui
655 3817 695 3878 ad
718 3829 863 3901 optatum
879 3819 969 3882 littus
985 3831 1131 3883 rectores
1148 3842 1221 3884 cum

265 3916 385 3998 ingenti
410 3916 522 3979 laetitia
548 3917 701 3979 citissime
727 3921 860 4003 appulit
905 3920 989 3981 Navi
1016 3936 1124 3984 antem
1151 3943 1222 4006 quar

264 4019 544 4103 archiepiscopum
560 4029 691 4081 vexerat
702 4034 947 4097 exonerata,·res
963 4023 1043 4085 mira
1059 4025 1223 4106 apparuit;

266 4124 417 4207 qnoniam
434 4123 466 4185 in
482 4123 590 4185 tabula
602 4143 666 4185 una
678 4123 817 4186 foramen
835 4124 931 4185 terme
949 4123 1085 4186 duorum
1102 4125 1222 4208 pedum

264 4227 426 4288 inventum
450 4236 512 4300 est;
543 4247 601 4288 uec
625 4224 746 4307 aliquid
770 4223 901 4286 omnino
927 4224 1045 4307 liquidi
1070 4228 1222 4289 elementi

266 4327 403 4403 admisit,
419 4327 495 4389 dum
513 4338 641 4389 sanetus
658 4329 704 4387 vir
719 4338 896 4389 remaneret
917 4326 948 4388 in
970 4329 1054 4389 navi.
1103 4329 1223 4392 Audito

265 4439 370 4489 autem
404 4429 537 4491 transitu
567 4428 811 4509 archiepiscopi,
840 4449 896 4489 rex
929 4427 1079 4490 immanis
1111 4448 1224 4495 omnes
