2992 5592
395 805 436 862 56
655 817 793 863 somme
809 817 1087 864 saussaamausrs
1227 798 1308 879 [sus.
1323 817 1344 865 1.

395 967 494 1030 robur
509 967 667 1046 coalescit,
682 981 715 1034 et
730 969 842 1034 crescit
858 965 1088 1054 multipliciter,
1100 981 1137 1032 ut
1151 969 1230 1034 boui
1244 969 1346 1056 operis

394 1069 537 1134 fructum
552 1070 660 1149 faciat,
676 1071 762 1135 unde
777 1072 852 1137 boni
867 1068 927 1134 viri
942 1083 974 1133 et
989 1069 1209 1151 nominantur,
1218 1083 1251 1135 et
1267 1085 1347 1135 sunt

398 1170 472 1235 Sola
495 1185 598 1237 tamen
621 1172 735 1259 gratia,
749 1197 822 1260 quae
844 1188 877 1239 et
899 1173 980 1237 velle
999 1174 1132 1253 bonnam
1149 1187 1183 1238 et
1203 1174 1349 1259 perlicere

395 1287 558 1358 operatur,
573 1275 677 1338 virum
693 1275 813 1339 bonum
830 1274 918 1350 facit,
933 1286 965 1337 et
981 1295 1048 1358 prae
1064 1274 1190 1339 caeteris
1203 1273 1349 1337 omnibus

398 1388 482 1438 recte
502 1374 669 1452 scribendi,
685 1390 717 1442 et
733 1391 818 1440 recte
841 1374 1005 1460 loquendi,
1021 1374 1141 1461 quibus
1163 1375 1276 1440 datum
1292 1388 1350 1453 est,

397 1477 581 1542 facultatem
608 1478 803 1564 impertitur,
825 1491 975 1562 artesque
1000 1476 1158 1542 ministrat
1185 1477 1297 1554 varias,
1318 1490 1350 1540 et

398 1601 500 1664 quum
522 1603 555 1644 se
579 1578 799 1665 indigentibus
821 1578 957 1663 benigne
978 1578 1083 1659 offert,
1104 1578 1266 1644 contemni
1289 1600 1349 1643 non

398 1679 503 1746 debet
549 1682 584 1748 Si
603 1680 687 1746 enim
709 1681 932 1756 contemnitur,
943 1681 1033 1765 juste
1055 1680 1187 1761 recedit,
1201 1701 1262 1745 nec
1281 1702 1351 1744 oon·

400 1787 551 1871 temptori
566 1785 759 1871 relinquitur
773 1784 1010 1871 conquestionis
1023 1783 1128 1850 locus.

401 1986 480 2069 Cap.
497 1992 549 2049 24.
571 1986 623 2049 De
641 2006 705 2048 aare
725 1985 863 2065 legendi,
878 1992 909 2047 et
928 1985 1148 2066 praelegendis
1179 1995 1210 2049 et
1226 2005 1351 2050 comne-

441 2088 557 2148 tuda‘ne
571 2086 737 2149 Bernardi
753 2086 970 2159 Carrrotensir,
987 2092 1018 2148 et
1032 2088 1221 2167 sequacium
1237 2088 1318 2167 ejua.

444 2202 510 2277 Qut
539 2223 616 2284 ergo
645 2199 686 2263 ad
713 2200 947 2286 philosophiam
975 2203 1106 2287 aspirat,
1132 2203 1354 2288 apprehendat

400 2302 581 2379 lectionem,
608 2302 800 2380 doctrinam,
827 2317 859 2366 et
882 2303 1136 2382 meditationem,
1161 2328 1235 2368 cum
1264 2327 1352 2368 exer-

400 2405 476 2468 citio
506 2405 582 2469 boui
610 2406 726 2491 operis,
753 2406 922 2490 nequando
946 2405 1103 2471 irascatur
1130 2410 1299 2481 Dominus,
1322 2418 1354 2471 et

401 2507 489 2593 quod
531 2507 700 2572 videbatur
740 2506 869 2582 habere,
910 2509 1075 2573 auferatur
1109 2507 1151 2572 ab
1185 2530 1236 2572 eo.
1293 2507 1354 2572 Sed

402 2612 479 2700 quia
508 2610 632 2697 legendi
663 2611 794 2674 verbum
823 2611 1021 2695 aequivocum
1045 2622 1105 2686 est,
1130 2623 1195 2675 tam
1227 2611 1268 2675 ad
1298 2610 1355 2674 do·

402 2714 501 2778 centis
516 2729 547 2778 et
563 2714 712 2779 discentis
727 2713 923 2787 exercitium,
938 2735 1035 2796 quam
1057 2714 1097 2777 ad
1114 2714 1354 2799 occupationem

402 2841 459 2902 per
482 2841 514 2881 se
537 2818 707 2883 scrutantis
730 2819 925 2900 scripturas;
949 2814 1098 2891 alterum,
1122 2815 1155 2878 id
1179 2829 1239 2898 est,
1269 2814 1355 2902 quod

402 2920 485 2984 inter
522 2919 684 2984 doctorem
715 2933 748 2983 et
783 2917 978 3002 discipulum
1014 2919 1269 2984 communicatur
1307 2920 1354 2993 (ut

403 3020 500 3084 verbo
516 3036 645 3085 utamur
661 3017 872 3099 Quintiliani.)
889 3017 1015 3080 dicatur
1030 3016 1204 3102 praelectio,
1219 3019 1353 3086 alterum

403 3123 491 3209 quod
514 3123 555 3187 ad
570 3122 756 3186 scrutinium
780 3119 963 3182 meditantis
978 3119 1111 3196 accedit,
1129 3120 1222 3185 lectio
1237 3120 1356 3209 simpli·

404 3228 483 3288 citer
498 3225 690 3311 appelletur.
731 3225 821 3305 Ergo
836 3223 877 3286 ab
892 3222 1083 3285 auctoritate
1097 3222 1242 3309 ejusdem
1259 3225 1358 3299 Quin·

405 3327 517 3404 tiliam,
538 3327 570 3389 in
593 3325 807 3410 praelegendo,
833 3324 1071 3387 Grammaticus
1097 3336 1130 3387 et
1152 3327 1208 3392 illa
1228 3325 1357 3412 quidem

405 3427 526 3489 minora
547 3441 701 3511 praestare
723 3426 865 3505 debebit,
888 3439 923 3491 ut
954 3440 1060 3511 partes
1089 3428 1244 3492 orationis
1269 3427 1359 3493 reddi

405 3527 465 3591 sibi
496 3529 601 3590 soluto
624 3549 716 3589 versu
740 3526 911 3603 desideret,
934 3542 966 3592 et
990 3528 1106 3612 pedum
1137 3532 1360 3617 proprietates,

405 3654 479 3715 quae
501 3628 619 3693 debent
641 3630 673 3693 in
695 3630 889 3693 carminibus
904 3645 989 3693 uotoe
1004 3654 1084 3694 esse.
1132 3633 1359 3721 Deprehendat

406 3754 480 3819 quae
495 3733 640 3807 barbara,
657 3753 728 3816 quae
744 3732 928 3817 impropria,
952 3746 1006 3797 aut
1030 3733 1107 3798 alias
1129 3750 1243 3800 contra
1259 3735 1358 3819 legem

407 3832 556 3919 loquendi
572 3831 758 3917 composita.
804 3834 876 3895 Non
894 3845 997 3893 tamen
1016 3845 1050 3894 nt
1066 3846 1179 3916 poetas
1191 3834 1359 3919 improbet,

405 3936 524 4022 quibus
553 3935 595 3998 ob
626 3934 717 3998 merri
749 3934 967 3997 necessitatem
997 3933 1077 3995 adeo
1107 3937 1297 4018 ignoscitur,
1327 3946 1360 3999 ut

405 4039 483 4102 vitia
506 4038 574 4123 ipsa
596 4039 627 4101 iu
651 4037 800 4108 carmine,
825 4035 979 4099 virtutum
1003 4037 1130 4098 nomine
1153 4052 1361 4102 censeantur:

405 4140 529 4205 laudem
546 4142 628 4203 enim
651 4139 780 4204 virtutis
803 4136 990 4221 plerumque
1011 4152 1146 4222 occupat
1168 4141 1363 4206 necessitatis

405 4241 603 4328 improbitas,
632 4240 682 4305 cui
713 4242 779 4302 sine
812 4236 978 4321 dispendio
1014 4240 1123 4321 negari
1156 4263 1220 4303 uon
1261 4252 1363 4326 potest

406 4365 561 4406 assensus.
609 4338 870 4423 Metaplasmum,
891 4336 1229 4426 schematismumque,
1245 4356 1277 4406 et
1297 4362 1364 4403 ora-

405 4437 1365 4526 turiostropos,multiplicitatcmdictionumquumaffuerint‚
