2992 5592
141 814 295 888 caeam]
475 826 717 874 naraaosrcus.
1033 813 1092 872 lla

141 980 218 1043 Haec
230 978 345 1064 opinor
369 977 486 1042 debere
509 975 661 1054 sufficere,
684 977 771 1064 quod
788 1000 844 1042 nec
865 975 1002 1042 fideliter
1016 1000 1089 1041 curn

141 1078 332 1167 Porphyrio‚
349 1101 410 1144 nec
426 1077 549 1144 utiliter
564 1102 636 1144 cum
660 1078 898 1144 introducendis
913 1092 1091 1155 versentur,

139 1182 192 1267 qui
221 1182 382 1258 omnium,
407 1180 448 1244 de
469 1182 652 1265 generibus,
675 1194 705 1244 et
729 1180 904 1267 speciebus,
929 1190 1091 1245 recensent

139 1281 309 1368 opiniones,
320 1281 474 1345 omnibus
482 1280 624 1361 obviant,
637 1294 672 1344 ut
686 1280 812 1344 landem
826 1304 892 1345 suae
902 1279 1091 1345 inventionis

139 1385 257 1470 erigant
268 1382 419 1449 titulum:
438 1382 1091 1470 quumhocapropositoauctorisomnino

139 1485 297 1566 dissideat,
327 1499 360 1550 et
386 1487 546 1550 retundat
573 1489 703 1568 iugenio
734 1488 935 1557 auditorum,
964 1497 995 1547 et
1022 1481 1092 1545 aliis

139 1587 287 1665 articulis,
307 1608 404 1674 neque
427 1591 618 1652 necessarius
640 1586 734 1662 scitu,
758 1585 862 1649 locum
880 1586 1092 1670 inquisitionis

139 1711 201 1754 esse
215 1712 276 1753 non
293 1690 388 1755 sinat.

557 1935 686 1947 *-

430 2149 572 2214 LIBER
593 2152 804 2215 TERTlUS.

185 2312 278 2375 Auru
290 2308 359 2373 lere
369 2307 484 2392 viginti
494 2307 594 2393 elapsi
607 2320 693 2382 sunt,
703 2332 741 2372 ex
756 2331 822 2394 quo
837 2331 887 2372 me
899 2310 939 2373 ab
949 2309 1092 2386 officinis,

144 2425 173 2476 et
189 2410 340 2498 palestra
356 2431 467 2474 eorum
480 2409 536 2495 qui
548 2409 681 2495 logicam
695 2410 894 2495 profitentur,
906 2415 949 2475 rei
963 2412 1095 2477 laurilia-

144 2513 184 2577 ris
204 2511 324 2577 avulsit
347 2510 507 2596 angustia,
538 2525 569 2576 et
592 2510 757 2576 eonsilium
781 2512 954 2576 amicorum
977 2513 1094 2597 quibus

145 2636 204 2679 non
217 2613 440 2700 obtemperare
449 2634 511 2675 non
524 2612 624 2698 potui.
672 2612 812 2687 Exinde,
829 2626 864 2676 ut
875 2636 914 2676 ex
924 2613 1021 2676 animi
1033 2613 1094 2677 mei

142 2716 296 2780 sententia
311 2736 422 2778 verum
439 2713 550 2785 fatear,
563 2713 659 2778 necin
674 2714 822 2789 transitu,
840 2713 888 2777 vel
904 2714 1001 2777 semel
1018 2714 1094 2777 Dia·

145 2814 327 2882 lecticorum
349 2815 443 2901 attigi
466 2816 596 2901 scripte,
619 2838 704 2901 quae,
722 2813 770 2878 vel
787 2815 817 2879 in
840 2815 975 2891 artibus,
998 2813 1094 2878 velia

145 2917 389 2997 commentariis,
414 2930 472 2982 aut
500 2917 743 3002 glossematibus
769 2917 930 2982 seientiam
955 2916 1095 3002 pariunt,

143 3020 419 3098 autretinent,aut
429 3019 613 3084 reformant.
637 3018 718 3084 Aliis
727 3041 878 3104 namque,
888 3033 920 3083 et
931 3041 992 3082 non
1003 3019 1097 3083 modo

144 3118 283 3195 diversis,
313 3118 368 3185 sed
397 3118 538 3184 adversis
566 3119 645 3199 fere,
674 3120 940 3204 occupationibus
970 3120 1095 3182 interim

145 3221 317 3287 distractus
339 3243 428 3286 sum:
452 3235 487 3285 ut
512 3220 564 3284 vix
588 3219 637 3284 vel
659 3219 699 3282 ad
731 3219 853 3295 horam,
876 3234 908 3283 et
930 3219 989 3283 hoc
1017 3241 1099 3305 quo·

146 3322 315 3388 dammodo
343 3323 467 3399 furtim,
498 3321 715 3409 philosophari
747 3319 880 3385 licuerit.
933 3320 1096 3407 Siquidem

147 3422 276 3511 Alpium
303 3425 385 3510 juga
407 3424 586 3488 transcendi
608 3423 724 3499 decies,
748 3446 893 3507 egressus
924 3423 1096 3507 Angliam:

148 3526 302 3611 Apuliam
314 3526 454 3592 secundo
464 3526 647 3611 peragravi:
672 3526 872 3590 dominorum
884 3540 915 3591 et
925 3527 1097 3591 amicorum

146 3630 284 3711 negotia,
307 3626 338 3692 in
362 3627 506 3692 Ecclesia
527 3632 675 3693 Romana
692 3625 810 3714 saepius
831 3628 927 3711 gessi:
952 3642 984 3691 ct
999 3652 1098 3695 emer·

146 3729 295 3813 gentibus
305 3729 577 3793 variiseausisnon
590 3726 685 3792 modo
697 3726 861 3812 Angliarn,
871 3727 923 3791 sed
934 3741 965 3792 et
977 3729 1098 3795 Gallias

147 3829 309 3896 multoties
337 3829 510 3894 circumivi.
557 3829 609 3892 Ad
640 3828 720 3906 haec,
750 3852 828 3893 cura
858 3830 901 3893 rei
924 3831 1099 3910 familiaris,

147 3931 397 3997 sollicitudinum
408 3953 589 4007 concursus,
601 3928 814 4015 gerendorum
826 3931 988 4009 instantia,
1000 3933 1100 3997 literis

147 4033 220 4098 dare
241 4055 373 4119 operam
396 4055 458 4096 nou
482 4033 635 4098 sinebant.
683 4032 780 4096 Unde
803 4056 853 4096 me
870 4035 1099 4098 excusatiorem

149 4135 329 4211 habendum
343 4147 424 4221 puto
439 4139 470 4200 in
485 4135 545 4211 bis,
555 4158 630 4221 quae
641 4136 788 4202 obtusius
802 4149 834 4200 et
850 4135 1003 4198 incultius
1018 4157 1036 4194 a
1052 4157 1102 4196 me

149 4236 233 4302 dicta
255 4236 358 4301 lector
381 4233 527 4297 inveniet.
579 4234 725 4300 Ariditas
740 4235 823 4298 enim
842 4232 969 4313 linguae,
993 4245 1103 4314 torpor

149 4359 297 4402 sensuum
321 4334 438 4420 partim
463 4336 648 4419 premissis,
671 4335 787 4422 partim
812 4330 986 4395 curialibus
1008 4331 1103 4414 nugis

147 4430 1104 4520 adscribendasunt,partimadversariidolo,etimpudentiae,

194 4558 267 4602 voa.
285 4557 315 4600 ν.
620 4555 631 4598 1
