2992 5592
443 832 518 877 vrrs
535 833 651 877 saucrr
667 833 824 877 asserui.
1045 820 1106 880 881

159 988 229 1048 vult
249 985 334 1049 dicit.
380 985 428 1048 At
445 1007 507 1066 ego
528 985 621 1061 vado,
639 1007 704 1068 quo
722 1007 774 1047 me
798 982 974 1048 necessitas
997 987 1111 1062 trahit3

160 1097 285 1169 oportet
300 1108 350 1150 me
365 1083 444 1149 illud
459 1087 579 1170 exequi
599 1085 686 1170 quod
700 1086 862 1170 professus
876 1107 958 1163 sum,
972 1096 1004 1148 et
1022 1107 1111 1148 man·

160 1187 244 1251 datis
265 1188 335 1271 ejus
357 1188 489 1252 obedire
512 1189 605 1273 cujus
630 1188 842 1250 ministerium
868 1185 970 1266 gero.”
1015 1186 1115 1251 Curia

161 1290 303 1352 turbatur
317 1288 360 1352 ad
380 1291 463 1364 haec,
477 1311 566 1352 reum
588 1288 763 1372 majestatis
783 1288 970 1351 Anselmum
990 1287 1113 1365 asserit,

159 1391 373 1453 contumelias
390 1391 521 1472 profert,
541 1402 573 1453 et
595 1390 761 1475 proposito
783 1389 833 1451 sui
850 1387 1027 1471 applaudit.
1071 1390 1115 1452 At

158 1492 213 1555 ille
229 1492 389 1574 patienter
403 1490 538 1554 sustinet
549 1490 803 1570 indignationem
819 1488 962 1564 concilii,
972 1486 1117 1567 gaudeus

161 1592 250 1676 quod
272 1593 396 1675 etipse
419 1591 536 1673 dignus
558 1593 705 1655 iuventus
727 1603 777 1654 est
798 1612 857 1675 pro
882 1590 1014 1652 nomine
1038 1590 1116 1652 Jesu

161 1694 390 1757 contumeliam
413 1694 489 1776 pati.
536 1692 719 1774 Ingreditur
740 1693 782 1756 ad
804 1713 913 1775 regem
935 1692 1023 1754 vultu
1047 1691 1116 1774 pla·

162 1794 246 1873 cido,
263 1797 401 1859 offerens
416 1794 445 1857 ei
461 1795 719 1857 benedictionem
734 1816 824 1857 suam
840 1804 913 1856 ante
929 1792 1119 1868 discessum,

162 1896 190 1958 si
220 1916 291 1957 eam
320 1895 375 1958 ille
403 1917 467 1956 non
500 1907 637 1978 respuat.
694 1895 797 1966 Quam
829 1915 928 1977 quum
954 1892 1015 1966 rex'
1041 1913 1117 1954 cou-

90 2016 92 2021 ·
163 1995 351 2077 quinisceos
371 2017 405 2058 se
427 2018 492 2058 non
512 1997 652 2080 abjicere
673 1995 882 2078 responderet
890 2018 900 2071 ;
923 1993 1119 2078 persecutori

163 2118 222 2160 suo
239 2096 410 2159 benedixit
436 2118 476 2159 ex
502 2098 609 2159 animo
630 2097 903 2180 archiepiscopus,
923 2109 954 2160 et
974 2115 1121 2177 egressus

163 2208 221 2262 est.
276 2198 340 2270 Qui
367 2219 440 2261 vero
464 2198 571 2260 Deum
599 2200 765 2275 timebant,
789 2200 976 2262 Anselmum
1002 2200 1118 2261 affectu

164 2310 197 2362 et
217 2297 299 2361 votis
319 2300 480 2382 prosecuti
500 2313 584 2374 sunt,
600 2312 632 2363 et
652 2312 806 2383 quantum
828 2300 947 2364 licebat
967 2300 1121 2384 precibus

166 2411 199 2463 et
220 2400 555 2465 commendationibus
572 2401 740 2485 jurabant.
785 2402 859 2463 Rex
877 2414 983 2465 autem
1006 2401 1039 2464 in
1063 2420 1121 2464 sue

164 2501 286 2565 feritate
309 2503 449 2586 persistit
458 2526 468 2580 3
490 2517 526 2567 ut
545 2504 704 2568 videretur
718 2503 830 2566 merito
846 2505 936 2569 Deus
951 2503 1121 2566 recessisse

166 2604 207 2666 ab
223 2623 270 2665 eo.

169 3008 250 3092 Cep.
274 3012 305 3070 9.
329 3005 504 3068 Amelmus
525 3007 560 3066 in
583 3005 721 3069 exilium
743 3014 792 3068 est
813 3006 984 3086 releuatus.
1041 3006 1124 3070 Can·

213 3109 357 3170 tuoriam
397 3109 538 3181 veniens,
564 3125 664 3169 causa
703 3109 832 3171 itineris
865 3111 1033 3172 conemini
1064 3127 1125 3172 suo

213 3209 356 3272 ecclesie
380 3209 561 3271 salvatoris
586 3209 831 3272 Ountuomensis
861 3213 1019 3292 seposita,
1049 3219 1126 3274 onte

214 3329 377 3373 mmmmm
406 3310 513 3371 altare
537 3309 659 3371 Christi
679 3320 810 3392 sumpta
829 3331 915 3393 pera
941 3321 974 3376 et
1000 3313 1125 3389 baculo,

214 3432 287 3475 cum
316 3410 535 3473 benedictione
571 3412 774 3476 commendat
816 3415 958 3495 seipsum
989 3416 1060 3479 Deo
1095 3423 1128 3478 et

207 3512 362 3594 fidelium
377 3511 585 3574 orationibus.
635 3513 875 3579 Commendatio
890 3516 1033 3581 Romani
1040 3537 1125 3600 pon·

216 3613 313 3695 tiflcis
329 3613 495 3676 Anselmu

216 3819 371 3879 Vsursus
387 3813 463 3878 inde
479 3816 742 3900 archiepiscopus
759 3820 975 3899 cantuariam,
990 3822 1127 3904 primos

172 3917 320 3982 fratribus
343 3916 421 3994 suis,
443 3914 562 3978 deinde
583 3938 603 3980 a
624 3918 705 3980 locis
728 3923 965 3985 venerabilibus
987 3933 1020 3985 et
1039 3921 1127 3983 omni

173 4021 260 4084 clero
282 4029 314 4082 et
336 4017 455 4101 populo
478 4018 641 4082 licentiam
667 4022 806 4104 accepit,
828 4021 977 4103 exposita
998 4019 1128 4103 publice

176 4140 275 4183 causa
299 4117 431 4182 itineris.
477 4120 613 4202 Sumpta
641 4120 749 4204 itaque
779 4132 852 4183 aute
882 4121 978 4182 altare
1008 4120 1129 4183 Christi

176 4241 263 4282 more
277 4220 545 4301 peregrinantium
561 4242 639 4304 pera
653 4232 686 4283 et
702 4222 831 4297 bacula,
848 4222 918 4282 Deo
938 4231 970 4280 ot
984 4218 1127 4282 fidelium

175 4320 371 4406 orationibus
389 4343 478 4384 susm
500 4320 728 4385 commendans
742 4319 1041 4406 peregrinationem,
1057 4341 1130 4403 pro-

178 4434 332 4507 sequente
348 4443 420 4484 eum
438 4422 557 4503 gemitu
573 4433 604 4484 et
619 4422 757 4485 lacrimis
777 4421 919 4484 omnium
940 4422 1004 4484 lere
1019 4421 1131 4486 incon·
