2992 5592
273 800 360 847 sacr.
373 782 433 862 vn]
589 800 630 844 on
648 798 779 844 sarran
797 800 964 846 sarranis.
1169 795 1232 850 9⁶23

290 1111 371 1173 Sect.
388 1114 421 1172 6.
445 1108 546 1172 Secta
561 1113 694 1190 septena
711 1110 880 1193 deceptam
892 1109 1065 1192 perumbrat
1078 1117 1213 1175 mettens-

662 1211 828 1292 plaltbnir.

311 1349 421 1412 Snxra
440 1357 571 1430 septena
582 1343 623 1407 de
639 1358 760 1430 septem
774 1345 943 1431 generibus
954 1346 1229 1433 contemplationis

266 1448 422 1536 sequitur,
435 1446 466 1510 in
483 1446 601 1532 quibus
612 1447 718 1511 anima
729 1448 928 1535 requiescens
938 1447 1104 1534 jucundus
1116 1450 1226 1515 immo-

267 1563 365 1616 ratur.
397 1550 526 1634 Septem
537 1559 610 1612 sunt
623 1547 899 1634 contemplationis
909 1571 1038 1634 genera,
1050 1549 1225 1630 meditatio,

266 1652 485 1739 soliloquium,
493 1649 747 1737 circumspectio,
760 1650 1080 1730 ascensio,revelatio,
1087 1653 1225 1730 emissio,

268 1755 445 1844 inspiratio.
478 1750 652 1818 Meditatio
661 1753 750 1819 estin
762 1753 893 1819 consilio
904 1754 1055 1841 frequens
1063 1755 1226 1841 cogitatio,

267 1882 342 1947 quas
361 1878 489 1922 causam
506 1869 538 1920 et
553 1853 719 1940 originem,
734 1855 863 1921 modum
883 1868 915 1920 et
930 1854 1101 1921 utilitatem
1118 1857 1227 1922 unius·

268 1961 426 2048 cujusque
441 1957 486 2022 rei
503 1956 678 2044 prudenter
700 1957 882 2042 investigat.
927 1955 1099 2023 Meditatio
1114 1958 1229 2045 priuci-

268 2061 356 2148 pium
377 2061 476 2125 sumit
498 2058 675 2123 electionis
697 2059 912 2134 scrutatione;
941 2058 1037 2125 nullis
1059 2060 1228 2146 stringitur

269 2162 389 2250 regulis
404 2165 453 2226 vel
470 2161 637 2248 praeceptis
653 2159 814 2234 lectionis;
844 2160 1022 2226 delectatur
1042 2163 1124 2226 enim
1148 2185 1228 2249 quo-

269 2264 343 2329 dam
376 2278 489 2351 aperto
524 2262 627 2350 spatio
662 2261 841 2339 decurrere,
867 2263 921 2327 ubi
958 2260 1089 2329 liberam
1120 2264 1228 2350 affigat

269 2366 421 2432 rationem
445 2366 589 2430 veritatis
609 2364 874 2451 contemplandae,
898 2377 931 2430 et
956 2387 1041 2431 nuuc
1064 2367 1122 2431 has
1144 2389 1228 2431 nunc

236 2507 245 2523 κ
269 2467 341 2533 illas
355 2490 461 2532 rerum
478 2489 590 2532 causas
606 2467 829 2553 perstringere,
845 2489 930 2531 nunc
945 2481 1051 2533 autem
1068 2469 1229 2554 profunda

270 2592 408 2657 qumque
424 2583 600 2656 penetrare,
617 2568 694 2632 nihil
711 2591 838 2654 anceps,
854 2567 932 2633 nihil
947 2568 1118 2634 obscurum
1134 2570 1228 2635 relin-

270 2695 379 2758 quere.
424 2669 621 2756 Principium
648 2693 724 2754 ergo
748 2670 903 2736 doctrinm
929 2670 961 2733 in
987 2669 1131 2751 lectione,
1156 2694 1229 2736 con-

272 2773 441 2840 summatio
470 2772 502 2836 in
533 2772 676 2836 lectionis
705 2770 911 2848 scrutatione,
940 2771 1166 2858 contemplatio
1195 2776 1227 2838 iu

272 2875 475 2941 scrutationis
504 2874 719 2939 meditatione.
769 2872 960 2938 Trimodum
992 2897 1067 2938 vero
1096 2873 1228 2940 medita·

272 2978 366 3045 tionis
376 2991 424 3043 est
434 3000 552 3063 genum
578 2999 676 3041 unum
689 2989 811 3040 constat
821 2975 854 3039 in
864 2976 1078 3063 speculatione
1090 2998 1227 3052 morum,

272 3081 360 3146 aliud
376 3081 407 3144 iu
431 3079 624 3144 scrutatione
645 3078 879 3155 mandatorum,
896 3077 1025 3143 tertium
1047 3077 1079 3142 in
1099 3077 1228 3142 investi·

270 3184 399 3268 gatione
414 3181 594 3247 divinorum
611 3204 766 3268 operum;
794 3195 826 3245 et
841 3181 886 3246 ita
901 3180 938 3246 fit
955 3179 1229 3268 contemplationis

272 3284 448 3351 exordium.
489 3285 595 3362 Quum
613 3283 696 3347 euim
713 3282 838 3346 animus
852 3305 871 3345 a
885 3281 1114 3368 scripturarum
1130 3282 1229 3347 medi·

272 3387 392 3454 tatione
407 3386 438 3450 in
456 3388 643 3463 orationem,
659 3385 701 3450 ab
720 3384 862 3448 oratione
882 3384 913 3447 in
934 3385 1099 3449 lectionem
1123 3384 1227 3470 digre-

271 3488 373 3567 ditur,
388 3486 545 3551 miseriam
567 3487 788 3573 praesentium,
802 3507 930 3571 poenam
952 3484 1175 3550 damnatorum
1195 3499 1227 3551 et

273 3589 403 3677 praemia
421 3590 583 3676 justorum
610 3611 682 3652 vere
708 3587 952 3672 contemplatur.
998 3588 1124 3653 Deinde
1146 3611 1228 3676 prae·

273 3694 409 3758 miorum
424 3714 530 3756 amore
553 3705 673 3757 tractus
688 3710 720 3756 et
737 3712 902 3777 poenarum
919 3688 1030 3755 timore
1045 3704 1159 3768 tactus,
1174 3691 1229 3755 de·

272 3794 394 3860 scandit
409 3793 449 3858 ad
466 3815 596 3857 suorum
618 3793 802 3858 memoriam
817 3791 1019 3857 delicturum.
1064 3793 1127 3872 Qui
1149 3793 1227 3858 dum

272 3898 399 3984 culpam
423 3895 585 3983 propriam
607 3895 778 3979 cognoscit,
796 3894 907 3962 alienas
927 3894 1079 3978 ignorem
1103 3908 1136 3960 et
1156 3894 1228 3960 ideo

273 4014 345 4086 post
357 3999 539 4064 memoriam
552 3997 741 4063 delictorum
754 3997 914 4064 descendit
928 3997 969 4062 ad
981 3996 1227 4083 compassionem

273 4102 506 4188 proximorum.
552 4103 590 4164 In
622 4098 827 4163 meditatione
854 4099 1084 4183 scripturarum
1112 4097 1228 4180 saepius

273 4201 466 4279 laboramus,
479 4202 626 4266 timentes
636 4222 675 4263 ne
685 4201 1019 4286 praemiumjustorum
1030 4195 1228 4274 amittamus;

272 4303 304 4366 iu
330 4303 481 4368 memoria
503 4301 692 4366 delictorum
717 4300 887 4386 gemimus,
910 4321 949 4361 ne
972 4319 1045 4362 cum
1072 4297 1230 4364 damnatis

272 4403 391 4479 simus;
420 4404 451 4468 iu
467 4401 684 4490 compassione
704 4399 935 4486 proximorum,
953 4410 989 4461 ut
1004 4396 1123 4461 bonum
1145 4421 1228 4484 opus
