2992 5592
280 803 389 884 orna]
624 818 864 864 unranoorcus.

552 1121 689 1184 LlBER
712 1120 938 1192 QUARTUS.

309 1305 446 1367 Brutus
473 1300 645 1386 compellor
674 1300 714 1364 ad
746 1304 908 1366 materiam
940 1303 1163 1384 intermissam,
1188 1316 1220 1367 at

276 1425 342 1488 quae
368 1403 488 1467 studiis
515 1401 717 1485 gravioribus
746 1402 851 1467 iuerat
881 1402 972 1489 prius
1000 1403 1222 1489 praeponenda.

274 1505 348 1568 Nam
368 1517 400 1568 et
420 1524 588 1591 processus
606 1506 721 1577 oetatis,
740 1503 862 1585 gradus
879 1502 1012 1577 ordinis,
1031 1502 1221 1566 conditionis

272 1603 375 1680 iorma,
396 1618 433 1668 ut
458 1602 500 1667 de
525 1603 766 1668 imminentibus
784 1603 899 1679 causis,
920 1620 952 1666 et
970 1602 1153 1665 domesticae
1176 1604 1221 1666 rei

271 1707 414 1771 oneribus
429 1705 471 1769 ad
487 1725 627 1789 praesens
642 1718 775 1780 mceam,
792 1708 1033 1789 occupationem
1057 1703 1149 1766 aliam
1165 1726 1220 1767 ex·

270 1806 406 1891 igebant.
453 1804 516 1870 Sed
532 1807 679 1891 quoniam
696 1806 857 1871 temeritas
871 1805 979 1869 aemuli
996 1827 1058 1868 non
1075 1805 1222 1889 quiescit,

269 1919 298 1971 et
312 1921 360 1985 tu,
374 1908 428 1973 cui
443 1928 514 1972 mos
528 1907 687 1992 gerendus
701 1920 762 1985 est,
773 1906 931 1991 opinionis
943 1929 1021 1970 meae
1033 1906 1219 1971 sententiam

270 2008 391 2091 queris,
415 2030 490 2093 quoe
512 2030 572 2093 pro
595 2019 737 2092 tempore
760 2006 862 2083 licuit,
885 2007 1046 2070 succincta
1067 2006 1222 2069 brevitate

269 2128 460 2192 percurram.
520 2106 707 2172 «Iucundum
744 2106 826 2170 enim
865 2106 980 2182 luerat,
1019 2121 1055 2172 ut
1094 2107 1220 2173 Senecae

270 2209 371 2274 verbis
394 2224 478 2290 utar,
494 2210 527 2272 in
548 2209 682 2295 antiqua
704 2207 807 2272 redire
830 2221 983 2295 tempora,
1005 2224 1037 2275 et
1059 2210 1099 2274 ad
1122 2229 1221 2272 annos

269 2311 420 2395 respicere
451 2309 607 2387 meliores,
633 2307 691 2373 uisi
717 2310 909 2388 amaritudo,
936 2334 1010 2395 quae
1035 2309 1150 2395 partim
1179 2331 1219 2372 ex

270 2426 386 2492 meatu,
400 2412 518 2498 partim
533 2434 573 2475 ex
588 2410 651 2474 alia
666 2407 879 2475 sollicitudine
897 2410 1062 2488 incumbit,
1077 2411 1217 2475 animum

271 2526 494 2599 pregravaret.
540 2512 625 2590 Quia
648 2525 752 2575 tameo
777 2512 876 2576 visum
900 2526 947 2577 est
971 2514 1029 2577 tibi
1053 2535 1159 2576 meum
1187 2520 1220 2574 et

270 2613 429 2679 Cornificii
449 2612 630 2678 examinare
651 2609 843 2687 conflictum,
858 2613 991 2690 invitus,
1012 2629 1044 2675 et
1063 2611 1218 2695 quodam-

271 2715 363 2780 modo
385 2728 519 2789 tractus,
542 2713 573 2777 in
598 2713 695 2798 hujus
719 2711 877 2798 palaestrae
898 2711 1058 2776 descendo
1080 2733 1218 2775 arenam.

271 2816 330 2881 Sed
346 2817 415 2881 lroec
430 2817 592 2881 hactenus.

330 3006 411 3092 Cap.
431 3011 458 3069 l.
483 3005 575 3079 Quod
588 3006 665 3068 liber
681 3004 921 3086 Anulyticorum
937 3011 984 3066 ecl
998 3005 1161 3066 rationum

608 3108 873 3169 acuminatosiua.

308 3228 557 3293 Caurroocron
571 3222 682 3308 itaque
697 3219 920 3304 Peripateticae
942 3216 1130 3303 disciplinae,
1144 3240 1218 3302 qure

268 3347 333 3411 prm
347 3325 471 3389 caeteris
484 3325 517 3387 in
533 3322 677 3388 veritatis
692 3319 896 3404 indagatione
912 3319 1045 3399 laborat,
1061 3318 1217 3384 infelicem

268 3448 421 3490 summam
436 3425 540 3511 operis
554 3424 760 3506 dedignatus,
776 3435 880 3486 totum
901 3422 1077 3507 componit:
1102 3433 1218 3499 certus,

268 3525 354 3613 quod
368 3529 525 3613 cujusque
536 3526 614 3590 artis
629 3524 795 3610 perfectio,
807 3523 941 3609 gloriam
953 3525 1003 3588 sui
1019 3540 1219 3610 praeconatur

268 3628 415 3693 auctoris.
449 3625 546 3691 Unde
558 3647 660 3712 quum
675 3626 865 3690 inventionis
880 3625 1090 3691 instrumenta
1105 3651 1219 3714 procu·

268 3742 364 3796 rasset
378 3743 410 3794 et
427 3751 533 3807 usum,
548 3728 637 3813 quasi
661 3729 693 3790 iu
716 3726 901 3791 conflatorio
921 3728 1042 3806 sedens,
1058 3732 1219 3794 examina·

266 3831 381 3896 torium
405 3829 566 3917 quoddam
590 3828 712 3894 studuit
736 3827 863 3903 cudere,
888 3854 953 3916 quo
975 3830 1219 3915 diligentissima

265 3932 352 3998 fieret
367 3931 560 3996 examinatio
575 3931 744 3995 rationum.
791 3932 857 3994 Hic
879 3946 984 3996 autem
1006 3946 1054 3997 est
1071 3933 1219 4019 Analyti·

266 4057 374 4101 corum
398 4032 489 4108 liber,
514 4032 572 4116 qui
594 4031 634 4095 ad
657 4031 815 4116 judicium
841 4033 1057 4119 principaliter
1084 4047 1217 4117 spectat,

266 4154 295 4201 et
309 4152 415 4201 tamen
437 4132 477 4196 ad
497 4132 710 4197 inventionem
730 4133 931 4217 aliquatenus
953 4133 1088 4219 proficit.
1135 4132 1217 4196 Nam

266 4237 505 4323 disciplinarum
535 4235 676 4297 omnium
707 4256 858 4298 connexae
896 4249 970 4297 sunt
1008 4232 1155 4306 rationes,
1186 4246 1219 4296 et

265 4339 416 4426 quaelibet
440 4336 489 4400 sui
515 4333 740 4420 perfectionem
767 4336 808 4398 ab
834 4335 904 4398 aliis
929 4343 1107 4396 mutuatur.
1154 4330 1218 4397 Vix

266 4457 324 4519 eat,
350 4462 425 4524 quae
448 4437 515 4499 aine
537 4433 666 4499 alterius
687 4435 892 4509 adminiculo,
916 4434 940 4495 si
965 4447 1068 4495 tamen
1092 4431 1220 4497 omniuo
