2992 5592
284 798 342 860 tes
536 811 673 856 scansis
690 808 973 857 sasessnnmnsn
1094 795 1178 874 [us.
1194 813 1235 860 rr.

288 961 381 1041 Quod
396 976 504 1026 autem
524 964 626 1026 omnis
647 987 707 1040 res,
722 975 779 1026 aut
797 973 920 1026 creator
938 961 1070 1039 dicitur,
1087 980 1146 1029 aut
1161 988 1239 1029 cres·

286 1078 368 1140 tura,
385 1063 424 1126 ad
442 1063 646 1139 substantias,
663 1077 696 1128 et
712 1063 752 1126 ad
768 1086 815 1138 es,
827 1086 902 1149 quae
917 1064 1107 1131 substantiis
1123 1069 1239 1143 insunt,

285 1189 489 1252 quocumque
506 1165 611 1243 modo,
622 1189 661 1230 ex
675 1166 865 1230 auctoritate
880 1178 1008 1251 patrum
1028 1169 1242 1234 univcrsitatis

285 1269 463 1355 complexio
478 1283 664 1334 revocatur:
690 1291 762 1332 nam
778 1269 1038 1333 enunciationum
1055 1269 1240 1356 significatio

287 1393 348 1434 non
365 1369 521 1454 contingit
543 1383 676 1454 urgente
698 1369 808 1455 eliqua
828 1371 951 1434 ratione
970 1374 1135 1437 sermonis.
1181 1375 1240 1452 Qui

288 1471 372 1535 enim
389 1471 433 1536 sic
447 1471 558 1558 partiti
580 1485 665 1550 sunt,
680 1485 892 1558 respexerunt
912 1471 953 1535 ad
970 1471 1239 1560 incomplexorum

289 1574 542 1659 significationes.
595 1574 748 1638 Nonnihil
779 1595 858 1660 crgo
888 1589 964 1640 sunt
994 1598 1082 1652 vera,
1109 1601 1184 1663 quae
1211 1578 1239 1642 in

289 1691 394 1740 mente
410 1675 470 1740 Dei
487 1676 672 1751 consistunt,
686 1676 740 1740 sed
757 1699 814 1739 nec
829 1689 985 1741 creaturae
1000 1692 1088 1750 sunt,
1100 1701 1139 1741 eo
1155 1680 1240 1766 quod

288 1779 331 1843 ab
345 1792 465 1843 aeterno
475 1779 661 1843 extiterunt.
696 1780 778 1842 Nam
795 1777 872 1861 quin
886 1778 1035 1863 quaedam
1052 1781 1241 1867 sempiterna

289 1881 362 1958 sint,
384 1880 471 1946 nulla
490 1880 625 1966 quaestio
642 1893 706 1944 est:
738 1879 795 1943 nisi
817 1880 900 1944 forte
920 1904 959 1944 eo
979 1882 1138 1946 referetur
1161 1881 1239 1947 illud

290 1982 522 2048 Ecclesiastici:
557 1985 620 2058 Qus·
642 1988 722 2046 vicit
747 1987 784 2046 in
809 1991 966 2047 oeternnm
989 1989 1110 2047 creauit
1137 1991 1244 2049 omnio

290 2087 398 2150 simul.
430 2091 456 2149 A
469 2085 660 2171 quibusdam
673 2085 757 2149 enim
774 2086 912 2149 refertur
923 2100 985 2150 tem
1001 2085 1040 2150 sd
1053 2084 1134 2148 illud
1146 2110 1240 2172 opus,

287 2186 375 2272 quod
386 2187 417 2248 in
431 2210 463 2248 se
474 2186 696 2270 conspiciendo
707 2201 738 2251 et
752 2186 950 2273 disponendo
958 2187 1098 2252 Trinitas
1109 2200 1241 2272 operata

285 2299 343 2365 est,
355 2307 449 2371 quam
466 2284 506 2348 ad
523 2286 712 2350 creationem
729 2287 945 2373 primordialis
956 2293 1107 2368 materiae,
1117 2311 1158 2352 ex
1176 2311 1241 2375 qua

284 2385 389 2450 omnia
410 2398 518 2449 creata
544 2400 628 2464 sunt,
650 2402 707 2452 aut
731 2388 764 2451 in
791 2387 862 2474 ipsa
885 2389 998 2455 creatis
1021 2404 1239 2457 concreantur.

286 2489 446 2553 Caeterum
463 2487 522 2550 hoc
534 2504 582 2552 est
597 2488 642 2553 eis
657 2489 833 2576 esse‚qu0d
846 2491 886 2554 ad
900 2490 1094 2576 primitivam
1111 2493 1241 2558 rationis

286 2588 447 2655 scientiam
463 2589 586 2673 referri,
603 2607 633 2652 et
656 2591 702 2652 ito
719 2611 780 2653 esse
794 2592 885 2676 quasi
901 2594 1121 2674 pronunciari,
1136 2593 1241 2659 stabili

284 2692 506 2779 intentatoque
519 2690 652 2777 judicio.
698 2693 778 2756 Esse
800 2714 877 2778 ergo
894 2694 1041 2773 istorum,
1056 2696 1242 2759 innotescere

285 2810 351 2861 cst:
383 2818 456 2860 nam
471 2811 503 2859 et
518 2793 730 2858 humanorum
747 2796 917 2860 verborum
935 2798 1014 2861 idem
1030 2800 1148 2862 dicitur
1167 2821 1240 2881 pro·

284 2900 442 2975 tenaciori,
456 2910 489 2962 et
504 2919 587 2972 esse,·
610 2910 665 2962 aut
681 2900 826 2961 memorio
841 2902 983 2978 retineri,
1000 2915 1033 2965 et
1047 2923 1118 2965 esse.
1157 2903 1239 2966 Nam

285 3002 325 3068 de
347 3002 448 3081 arrico,
467 3000 671 3086 Augustinus
691 2999 747 3077 nit,
764 3000 823 3064 hoc
846 3015 893 3065 est
917 3003 1050 3067 verbum
1068 3025 1130 3067 non
1152 3002 1239 3090 quod

286 3103 400 3169 desinit
423 3101 593 3189 prolatum,
615 3103 669 3166 sed
692 3104 779 3188 quod
803 3118 967 3189 permanet
991 3119 1114 3171 natum.
1159 3106 1240 3183 Quor

286 3204 448 3270 distinctio
469 3201 706 3292 quodammodo
727 3202 854 3267 videtur
877 3204 998 3290 inepto,
1012 3205 1072 3270 nisi
1093 3205 1152 3291 p'er
1167 3227 1237 3291 pro-

286 3306 433 3371 lationem
451 3305 659 3370 subsisterent
673 3305 779 3371 verbn.
813 3307 987 3384 Caeterum,
999 3308 1151 3393 quoniam
1168 3328 1238 3381 esse,

284 3418 314 3471 et
328 3429 431 3484 unum,
443 3417 473 3469 et
488 3428 545 3482 res,
558 3407 778 3494 multipliciter
793 3408 955 3483 dicuntur,
970 3408 1086 3474 viderit
1101 3410 1239 3496 quisque

285 3508 447 3596 quomodo
482 3507 657 3573 dictionum
695 3509 926 3596 interpretetur
964 3507 1237 3595 significationem.

286 3611 418 3675 Habent
443 3608 552 3695 itaque
574 3634 623 3675 res
647 3612 787 3691 (naturae
814 3612 944 3688 scilicet,
968 3612 1016 3675 vel
1033 3610 1236 3677 naturalium

285 3715 407 3798 opera,)
438 3710 558 3774 habent
588 3712 808 3796 cogitationes,
834 3736 1003 3790 sermones,
1033 3730 1066 3779 et
1096 3738 1181 3791 reta,
1207 3728 1238 3776 et

285 3813 435 3880 rationes:
460 3812 596 3897 singula,
607 3813 750 3898 inquam,
761 3816 829 3880 baec
845 3816 963 3881 habent
975 3837 1069 3882 suum
1082 3815 1237 3882 existendi

285 3915 428 3997 modum,
444 3927 479 3979 ut
500 3935 558 3999 pro
582 3915 737 4001 qualitate
759 3917 855 3998 illius,
874 3941 983 3983 eorum
1005 3943 1080 4007 quoe
1103 3917 1240 3984 fideliter

242 4100 245 4107 Ι
284 4016 506 4095 enunciantur,
515 4017 699 4100 accipienda
709 4018 993 4106 sitinterpretatio,
1003 4020 1089 4085 unde
1098 4020 1240 4106 inspecta

283 4125 454 4212 diligenter
470 4121 699 4209 significatione
715 4122 898 4202 verborum,
909 4147 976 4188 esse
993 4148 1067 4189 vera
1078 4124 1239 4203 dieantur,

282 4241 424 4295 autnon
447 4247 522 4291 esse.
571 4226 643 4291 Non
664 4225 834 4302 contendo,
849 4225 926 4291 dum
951 4241 1056 4292 tamen
1082 4248 1156 4291 vera
1175 4248 1236 4289 non

281 4330 409 4394 omnino
425 4329 503 4394 nibil
521 4332 604 4399 sint;
630 4326 709 4391 falsa
726 4349 801 4391 vero
817 4351 1049 4416 usquequaque
1066 4352 1127 4392 non
1145 4341 1237 4391 sunt:

281 4432 432 4517 quoniam
463 4433 593 4496 omnino
620 4428 697 4493 nihil
729 4443 813 4494 sunt.
861 4432 912 4494 Sic
943 4432 1025 4495 enim
1053 4446 1084 4496 et
1113 4430 1239 4517 antiqui
