2992 5592
273 829 337 875 cnr.
353 809 443 889 vna]
626 827 868 875 narnaonrcns.
1183 819 1223 878 27

271 992 398 1045 anctore
423 977 569 1053 Platone,
591 978 659 1065 qui,
679 979 762 1044 sicut
783 978 978 1062 Victorinus,
997 994 1030 1046 et
1053 980 1106 1046 alii
1130 981 1225 1047 multi

271 1093 438 1156 testantur,
453 1093 486 1144 et
501 1094 707 1144 certrssrmam
718 1080 860 1145 omnium
875 1103 980 1145 rerum
996 1093 1142 1146 naturam
1157 1103 1226 1148 esse

269 1183 415 1260 assernit,
427 1181 568 1246 divinam
581 1181 793 1248 voluntatem:
814 1183 971 1269 siquidem
985 1197 1099 1249 natura
1108 1199 1226 1264 creata,

267 1284 306 1350 ab
321 1286 383 1350 hoc
397 1286 488 1350 fonte
509 1294 626 1361 manat,
640 1296 673 1350 et
693 1283 849 1373 quicquid
872 1300 1034 1373 operatur,
1048 1287 1153 1373 operis
1175 1286 1225 1350 sni

268 1389 374 1452 Denm
396 1387 494 1453 babet
517 1400 694 1454 auctorem:
722 1389 768 1453 ita
790 1389 930 1476 quidem,
951 1389 1011 1454 nisi
1032 1391 1074 1454 sit
1094 1411 1225 1476 corrup-

269 1489 361 1553 tionis
382 1511 476 1576 opns,
492 1503 525 1555 at
548 1490 665 1577 culpa,
680 1490 712 1554 in
733 1511 811 1574 quo,
825 1492 867 1556 ab
884 1502 1014 1556 auctore
1034 1513 1094 1555 sno
1107 1505 1225 1556 natura

268 1590 448 1677 degenerat.
493 1591 550 1655 Vis
571 1592 677 1678 itaque
699 1593 897 1678 originaliter
917 1593 1020 1659 indita
1041 1593 1170 1678 cuique,
1185 1614 1225 1656 ex

267 1715 331 1778 qna
349 1716 445 1778 opus,
459 1705 516 1757 aut
537 1692 689 1779 aptitudo
710 1693 867 1779 procedit,
883 1706 998 1759 natura
1016 1693 1146 1780 quidem
1166 1706 1225 1769 est,

268 1792 320 1856 sed
336 1807 457 1858 creata.
504 1794 596 1857 Alias
619 1793 752 1879 quidem
770 1793 981 1875 definitiones,
994 1818 1070 1881 qnae
1092 1795 1224 1881 sparsim

268 1893 298 1959 in
313 1894 448 1959 diversis
469 1895 674 1981 reperiuntur
693 1894 889 1974 auctoribus,
904 1919 943 1960 eo
957 1895 1147 1983 plerumque
1162 1909 1226 1960 tra-

268 1995 387 2060 hendas
397 1995 547 2071 arbitror,
558 2010 594 2059 nt
607 2008 733 2072 natura,
744 2016 820 2081 qnae
832 2010 937 2060 creata
946 2010 1005 2071 est,
1015 1995 1224 2061 describatur.

268 2100 350 2162 Nam
366 2110 399 2162 et
415 2094 499 2181 ignis
513 2096 641 2172 artifex,
658 2099 714 2183 qui
730 2118 787 2182 per
801 2096 975 2162 invisibiles
989 2095 1066 2174 vias,
1079 2096 1224 2185 procedit

266 2199 307 2263 ad
322 2221 373 2264 res
388 2198 528 2264 visibiles
544 2198 763 2285 procreandas,
780 2211 907 2264 creatus
927 2199 1056 2286 quidem
1072 2212 1139 2266 est:
1167 2200 1224 2264 sed

267 2323 344 2388 pace
356 2301 546 2375 Aristotelis,
562 2313 594 2365 et
611 2299 780 2376 Chalcidii,
796 2325 867 2366 enm
881 2314 1026 2366 naturam
1042 2327 1109 2367 csse
1124 2302 1224 2388 aliqui

267 2403 456 2468 diffitentur.
500 2406 585 2468 Item
605 2402 796 2490 principium
820 2418 926 2469 motus
948 2404 1121 2470 secundnm
1146 2428 1189 2480 se,
1204 2426 1225 2469 a

268 2505 339 2568 Deo
370 2504 519 2568 babuisse
548 2504 687 2580 initium,
714 2527 772 2570 ncc
799 2505 1001 2570 Aristotelem
1030 2519 1223 2592 negaturum

267 2606 371 2670 credo.
417 2607 469 2670 De
484 2606 620 2670 Boethio
635 2620 742 2671 certus
757 2629 842 2671 sum:
867 2607 945 2693 qnia
958 2607 1004 2686 id,
1020 2607 1105 2693 quod
1121 2607 1224 2672 facere

268 2708 316 2772 vel
342 2708 411 2796 pati
438 2720 555 2794 potest,
579 2730 642 2772 non
669 2708 798 2793 negabit
820 2731 887 2772 esse
908 2720 1061 2772 creatum.
1107 2708 1224 2774 Sedet

268 2830 532 2895 unamquamque
543 2828 610 2871 rem
623 2808 795 2873 informans
806 2809 952 2896 specifica
965 2806 1155 2887 differentia,
1166 2823 1224 2875 aut

269 2911 307 2975 ab
328 2932 367 2975 eo
389 2922 449 2988 est,
467 2933 525 2996 per
547 2932 641 2996 quem
665 2910 750 2975 sacta
771 2923 846 2976 sunt
866 2912 991 2976 omnia:
1017 2925 1074 2976 aut
1096 2912 1226 2976 omnino

270 3010 350 3073 nibil
364 3028 422 3075 est.
458 3009 536 3075 Aliis
551 3032 680 3095 qnoque
695 3010 798 3074 modis
812 3023 928 3074 natura
939 3011 1146 3075 describitur:
1169 3010 1225 3074 sed

272 3110 426 3197 quicquid
452 3110 541 3175 aliud
571 3134 589 3174 a
616 3110 781 3175 Platonico
804 3112 947 3195 ponitur,
973 3124 1030 3174 ant
1054 3109 1094 3173 de
1118 3132 1225 3173 rernm

272 3233 406 3274 numero
420 3211 592 3276 tollendum
616 3219 674 3285 est,
690 3224 746 3274 ant
762 3207 879 3273 divinis
899 3208 1051 3295 operibus
1068 3209 1226 3273 ascriben-

273 3311 364 3375 dum.
395 3311 456 3376 Sed
471 3328 597 3377 utamur
612 3310 653 3375 ad
669 3330 809 3397 praesens
824 3331 927 3396 prrma
941 3307 1135 3387 definitione,
1151 3330 1226 3398 qnae

273 3405 313 3476 aid
338 3433 430 3476 nsum
453 3412 619 3499 praesentis
640 3410 769 3475 articuli
791 3410 892 3498 magis
913 3409 1042 3475 videtur
1064 3411 1225 3476 accedere.

273 3515 354 3579 Esto
367 3536 460 3599 erg03
480 3514 519 3579 sit
537 3527 660 3599 potens,
673 3527 704 3579 et
716 3512 824 3577 efficax
838 3513 885 3576 vis
900 3512 954 3576 illa
963 3513 1113 3598 genitiva,
1124 3513 1227 3579 indita

270 3616 367 3682 robus
392 3616 605 3701 originaliter:
639 3628 735 3692 certe,
760 3617 840 3680 sicut
868 3616 947 3680 uitio
973 3616 1146 3702 corrumpi,
1167 3629 1226 3682 aut

271 3721 431 3808 impediri,
447 3721 491 3784 sic
515 3721 609 3784 variis
624 3719 826 3784 adminiculis
849 3718 1000 3806 reparari,
1016 3719 1063 3784 vel
1079 3720 1226 3807 adjuvari

269 3835 386 3910 potest.
432 3826 517 3888 Nam
537 3835 568 3886 et
592 3822 685 3908 pueri
705 3820 803 3905 vulgo
824 3822 982 3907 garriunt,
1001 3844 1074 3884 enm
1094 3821 1226 3907 gerendi

269 3925 392 4011 aliquid
409 3924 527 3989 babere
541 3921 753 4010 aptitudinem
769 3922 958 4002 naturalem,
970 3924 1021 3987 cui
1036 3922 1228 4010 aptitudinis

270 4041 406 4114 negatus
421 4039 468 4091 eat
485 4048 581 4099 nsns;
608 4024 695 4112 quod
712 4024 795 4089 enirn
810 4024 974 4110 gressibile
988 4037 1047 4102 est,
1064 4024 1227 4090 interdum

269 4129 361 4215 gradi
383 4149 448 4193 non
472 4139 588 4213 potest,
612 4140 643 4191 et
666 4125 723 4212 qui
746 4125 836 4211 bipes
857 4138 905 4190 est
926 4136 1052 4204 natura,
1066 4138 1140 4188 actu
1160 4122 1228 4208 plc-

269 4252 407 4317 rnmqne
427 4242 514 4293 caret
532 4242 669 4313 ntroqnc
689 4225 781 4313 pede,
795 4226 845 4289 vel
861 4225 969 4291 altero.
1015 4228 1103 4290 Cura
1117 4224 1227 4307 itaque

269 4356 331 4397 non
348 4330 532 4418 superfluit,
547 4330 601 4394 scd
625 4342 768 4394 naturam
780 4330 888 4413 juvat,
905 4326 1091 4410 faciliusque
1109 4324 1226 4401 reddit,

270 4434 358 4520 qnod
386 4451 494 4500 tamen
522 4446 685 4517 utcunque
711 4431 794 4495 forte
821 4431 887 4493 lieri
914 4439 1029 4513 posset.
1084 4430 1168 4492 Nam
1195 4442 1228 4494 et
