2992 5592
265 837 332 883 car.
348 820 400 894 v.]
629 832 872 882 uurasocrcna.
1178 826 1220 884 69

265 987 405 1073 gentiam
428 986 492 1063 sui,
516 1006 579 1048 non
601 983 722 1070 indiget
745 986 933 1070 adjectione,
956 999 992 1051 ut
1016 989 1126 1053 Deus:
1157 987 1219 1052 nisi

264 1089 345 1153 t'orte
374 1110 475 1152 causa
511 1085 743 1170 significantiae,
774 1099 812 1151 ut
847 1110 946 1173 quum
982 1088 1101 1154 dicitur
1130 1091 1221 1153 Dens

265 1189 477 1275 omnipotens,
491 1186 534 1251 ad
549 1185 765 1250 differentiam
781 1185 950 1263 idolorum,
966 1212 1041 1275 quae
1056 1189 1146 1264 nihil,
1162 1204 1219 1254 aut

266 1289 508 1367 daemoniorum,
521 1309 595 1375 quae
608 1287 774 1351 minimum
788 1303 931 1375 possunt.
960 1291 1011 1354 Sic
1023 1290 1105 1355 ratio
1114 1313 1220 1356 neces·

267 1389 357 1469 sana,
372 1400 429 1454 aut
446 1410 534 1464 vera,
544 1385 585 1450 ad
600 1384 812 1450 differentiam
828 1387 909 1472 ejus,
921 1411 996 1473 quae
1011 1412 1087 1453 casu
1102 1401 1220 1474 potest,

266 1491 315 1555 vel
330 1487 499 1557 mendacio
515 1485 618 1554 vitari.
657 1488 719 1551 Est
733 1503 841 1552 autem
858 1489 921 1566 bic,
934 1501 971 1553 ut
986 1493 1112 1577 opinor,
1127 1492 1221 1571 ratio,

267 1591 424 1680 quicquid
436 1589 620 1663 adducitur,
634 1587 682 1652 vel
698 1588 816 1653 adduci
832 1602 950 1675 potest,
961 1591 1002 1656 ad
1017 1592 1220 1658 statuendam

267 1690 458 1777 opinionem,
476 1688 525 1753 vel
541 1688 730 1752 sententiam
746 1687 968 1756 roborandam.
1002 1691 1121 1776 Opinio
1137 1695 1219 1757 enim

268 1790 458 1878 plerumque
473 1788 613 1862 labitur;
641 1802 675 1853 at
691 1787 849 1851 sententia
868 1810 992 1875 semper
1006 1790 1123 1857 assidet
1143 1793 1223 1857 veri·

269 1893 336 1957 tati.
383 1892 437 1956 Ita
451 1888 593 1977 quidem,
608 1889 633 1953 si
651 1902 736 1954 recte
752 1891 951 1956 sermonibus
967 1893 1107 1958 utimur:
1132 1918 1224 1959 usur·

269 2005 363 2078 patur
379 2005 485 2056 tamen
501 1989 637 2054 alterum
659 2013 718 2075 pro
733 1988 844 2054 altero.
889 1993 979 2078 Ergo
993 2008 1025 2058 et
1042 1994 1224 2080 Sophistica

270 2095 312 2156 sic
327 2092 491 2157 rationalis
506 2105 572 2156 cst:
601 2105 633 2155 et
648 2089 797 2176 quamvis
820 2089 923 2169 fallat,
939 2092 999 2157 sibi
1018 2092 1101 2158 inter
1115 2107 1223 2181 partes

269 2193 479 2281 philosophiae
510 2191 616 2257 locurn
647 2191 803 2256 vendicat.
858 2194 938 2257 Sues
966 2195 1049 2259 enim
1083 2197 1223 2262 rationes

269 2296 405 2374 inducit,
428 2309 461 2360 et
487 2318 572 2360 nunc
599 2318 631 2359 se
656 2293 941 2362 demonstrativam
969 2298 1110 2377 simulat,
1136 2321 1222 2363 nnnc

271 2396 479 2461 Dialecticam
491 2393 662 2460 mentitur:
687 2417 746 2458 nec
762 2395 895 2481 seipsam
911 2399 1082 2485 profitetur
1092 2399 1221 2476 alicubi,

270 2497 323 2562 sed
339 2497 462 2584 ubique
477 2496 622 2561 habiturn
639 2496 745 2562 induit
761 2496 910 2565 alienum.
954 2505 1119 2587 Apparens
1135 2525 1222 2566 nam.

269 2622 332 2684 que
347 2599 503 2686 sapientia
517 2612 576 2676 est,
587 2610 618 2662 et
634 2597 756 2663 inducit
773 2598 813 2662 ad
826 2602 1026 2666 statuendam
1042 2603 1222 2688 opinionem

270 2702 472 2789 plerumque,
488 2724 551 2766 non
567 2699 655 2788 quod
672 2722 783 2764 verum
800 2715 855 2766 ant
872 2701 1051 2779 verisimile,
1064 2702 1118 2767 sed
1133 2703 1223 2789 quod

270 2803 460 2868 alterutrum
481 2802 638 2868 videatur.
685 2801 852 2867 Interdum
873 2817 979 2868 autem
997 2804 1102 2869 utitur
1122 2816 1154 2868 et
1170 2805 1223 2871 iis:

270 2905 449 2971 cavillatrix
476 2904 559 2968 enim
586 2917 644 2981 est,
671 2917 702 2968 et
728 2925 814 2990 soepe
839 2928 859 2968 a
885 2905 966 2970 veris
990 2919 1023 2969 et
1049 2906 1224 2972 manifestis

269 3030 326 3093 per
341 3006 481 3070 minutas
500 3006 775 3091 interrogationes,
791 3005 908 3070 aliasve
929 3004 996 3070 doli
1012 3006 1062 3070 sui
1081 3005 1223 3085 insidias,

272 3107 314 3172 ad
328 3107 429 3173 dubia
443 3124 475 3173 et
490 3107 568 3172 falsa
584 3105 801 3195 progreditur.
850 3107 1077 3192 Transfigurat
1092 3109 1174 3170 enirn
1190 3131 1223 3172 se

270 3209 303 3274 in
327 3209 499 3275 ministram
524 3209 613 3289 lucis,
627 3223 659 3274 et
683 3208 827 3295 Neptuni
848 3232 935 3272 more
958 3231 1053 3293 quem
1076 3209 1109 3271 in
1133 3208 1225 3273 devia

269 3309 413 3388 abducit,
437 3324 495 3374 aut
520 3311 670 3398 periculis
696 3312 840 3395 exponit,
867 3323 924 3373 aut
947 3308 1036 3373 risui.
1082 3308 1225 3375 Philoso-

267 3411 351 3497 pbua
365 3424 485 3490 autem,
499 3408 748 3476 demonstrativa
764 3421 867 3485 utens,
884 3409 1068 3495 negotiatur
1083 3409 1124 3474 ad
1141 3410 1222 3475 veri·

269 3525 388 3587 tatem
412 3512 608 3578 Dialecticus
633 3512 673 3577 ad
701 3511 895 3596 opinionem:
927 3511 1083 3597 siquidem
1111 3512 1225 3599 proba·

269 3611 394 3678 bilitate
408 3627 579 3679 contentus
593 3628 651 3679 est.
698 3613 857 3699 Sophistae
871 3626 979 3678 autern
995 3611 1121 3689 sufficit,
1134 3613 1159 3677 si
1175 3612 1224 3678 vel

269 3715 418 3780 videatur
438 3737 505 3778 esse
532 3713 707 3800 probabile.
754 3712 850 3777 Unde
875 3735 937 3776 non
961 3713 1054 3778 facile
1077 3713 1224 3798 dixerim,

269 3839 338 3882 eam
353 3838 421 3881 esse
442 3815 586 3879 inutilem
603 3814 697 3891 scitu,
713 3836 789 3900 quae
805 3836 866 3877 non
889 3813 1087 3879 mediocriter
1101 3830 1225 3882 exercet

269 3917 406 4004 ingenia,
417 3926 449 3980 et
464 3917 583 4000 ignaris
595 3937 700 3979 rerum
717 3913 875 3978 efficacius
890 3929 993 3995 nocet,
1008 3915 1033 3979 si
1049 3917 1090 3981 sit
1105 3918 1225 4002 ignota.

268 4020 374 4085 Dolus
396 4018 493 4093 eninr,
514 4016 621 4082 scienti
646 4038 708 4079 non
737 4016 888 4080 insertur:
921 4016 1047 4102 sibique
1073 4016 1223 4102 imputet,

269 4121 324 4208 qui
350 4129 462 4184 casum
492 4117 650 4181 declinare
677 4115 792 4195 noluit,
824 4139 920 4202 quem
954 4116 1114 4201 praevidit.
1161 4117 1223 4192 Qui

268 4235 375 4285 autem
400 4217 696 4287 demonstrativam,
719 4228 751 4278 et
774 4215 985 4299 probabilem,
1008 4236 1070 4277 non
1091 4212 1226 4296 amplec-

268 4323 358 4402 titur,
384 4319 498 4406 ntiqne
526 4340 586 4381 non
612 4315 717 4401 diligit
742 4319 923 4380 veritatem:
955 4315 1009 4377 sed
1034 4335 1089 4375 nec
1114 4314 1226 4397 proba·

267 4423 380 4487 billum
403 4419 522 4509 quaerit
545 4417 661 4483 habere
684 4417 841 4482 notitiam.
887 4417 989 4481 Plane
1007 4435 1061 4480 nec
1082 4416 1226 4492 virtatem
