2992 5592
674 1176 742 1238 ΙΙΙ.

422 1333 605 1392 JOANNIS
628 1333 993 1392 SARESBERIENSIS

540 1485 878 1559 ENTHETICUS

316 1659 380 1722 DE
405 1658 646 1723 DOGMATE
671 1657 1099 1723 PHILOSOPHORUM.

607 1844 808 1853 ——ffl-

230 1983 402 2044 Doonrnrn
417 1973 569 2041 discuties
585 1988 729 2040 veterum
744 1974 951 2063 fructumque
968 1975 1095 2052 laboris,

315 2082 419 2159 Quem
434 2081 520 2165 capit
535 2098 577 2142 ex
591 2076 706 2142 studiis
725 2076 930 2164 Philosophia
944 2077 1018 2143 suis.

230 2182 369 2268 Spiritus
382 2180 436 2245 ille
451 2181 555 2244 bonus
570 2178 712 2264 linguam
729 2191 932 2264 mentemque
947 2179 1117 2265 gubernet,

316 2285 379 2363 Qui
394 2285 479 2349 bona
495 2283 592 2347 verba
606 2283 699 2348 docet
712 2295 744 2347 et
760 2285 813 2369 pia
829 2294 903 2347 vota
917 2281 1013 2356 facin

231 2386 358 2473 Dirigat
373 2399 405 2451 et
419 2408 558 2472 gressus,
574 2405 751 2472 operasque
766 2385 918 2451 secundet
934 2396 966 2452 et
981 2398 1083 2466 actus,
1163 2394 1183 2451 ὁ

316 2488 364 2553 Ut
381 2486 441 2552 tibi
456 2485 520 2550 sint
535 2486 666 2551 comites
679 2487 796 2573 grstia,
811 2489 889 2565 vita,
905 2485 998 2552 salus.

234 2588 318 2654 Aula
333 2586 423 2654 novis
437 2586 568 2673 gaudet,
584 2601 706 2652 veteres
720 2585 845 2651 fastidit
860 2587 987 2666 amicos,
1079 2637 1083 2643 .

317 2690 392 2758 sola
405 2686 582 2776 voluptatis
595 2711 692 2754 cause
706 2687 852 2774 lucrique
866 2687 1003 2775 placent.

139 2869 143 2876 .
229 2792 309 2870 Quis
324 2792 449 2856 venias?
471 2813 547 2877 qum
562 2811 658 2854 causa
673 2789 753 2854 viae?
776 2812 843 2876 quo
858 2788 974 2870 tendis,
988 2801 1020 2855 et
1037 2791 1143 2856 unde?

320 2892 468 2958 Forsitan
483 2891 638 2977 inquiret:
662 2912 765 2976 pauca
781 2888 886 2954 libelle
901 2890 994 2956 refer.
1149 2900 1187 2957 10

495 2997 548 3059 De
562 2992 703 3057 aletheia
717 3001 748 3057 et
761 2994 922 3076 phronesi.

234 3097 293 3160 Est
312 3094 443 3160 Alethia
457 3118 545 3161 soror
560 3094 742 3176 Phronesis,
757 3094 885 3160 virtutis
899 3095 1000 3181 origo,

317 3200 419 3263 Grata
434 3198 484 3263 sui
500 3198 616 3285 specie,
630 3219 755 3283 semper
769 3197 871 3262 amica
886 3201 973 3272 De03

232 3303 314 3366 Nam
330 3298 541 3378 deformatur,
556 3298 705 3387 quotiens
720 3300 920 3366 extrinsecus
935 3299 980 3364 illi

315 3401 435 3469 Cultus
449 3401 552 3480 adest,
567 3403 658 3466 sucos
674 3402 766 3488 virgo
781 3402 876 3467 beata
890 3400 991 3488 fugin

231 3509 268 3571 In
283 3527 317 3569 se
331 3517 523 3570 convertunt
537 3503 647 3569 oculos
661 3517 694 3569 et
708 3503 806 3571 corda
821 3504 970 3584 vicissim,
1148 3514 1185 3572 lo

314 3607 360 3670 Et
374 3605 470 3671 decor
485 3606 580 3672 unius
593 3619 643 3672 est
658 3606 826 3693 utriusque
841 3605 949 3689 decor,

232 3708 276 3772 Et
291 3729 393 3794 genus
407 3721 440 3774 et
455 3709 574 3796 species
588 3723 621 3774 et
635 3730 718 3795 opus
732 3730 898 3775 commune
913 3710 1069 3786 duarum,

318 3813 432 3876 Manat
449 3811 491 3876 ab
506 3811 556 3875 liis
570 3808 646 3876 ritae
661 3809 772 3895 regula
787 3824 907 3889 sancta,
922 3813 1049 3879 modus.

234 3911 297 3975 Hoe
313 3910 372 3977 tibi
388 3915 450 3978 sint
466 3913 609 3992 comites,
623 3935 717 3979 curas
731 3925 764 3978 et
779 3914 877 3980 rerba
891 3914 1083 3993 ministrent,

318 4016 433 4102 Teque
448 4015 547 4080 velint
561 4015 716 4103 gravibus
730 4017 897 4082 conciliare
912 4018 1006 4093 riris3
1143 4023 1185 4081 20

233 4116 296 4181 Hae
311 4115 370 4181 tibi
385 4116 590 4204 principium,
604 4139 748 4196 cursum,
764 4117 922 4204 finemque
939 4115 1090 4203 loquendi

318 4217 512 4292 Monstrent‚
527 4233 560 4282 et
574 4239 678 4283 sermo
693 4217 768 4301 quis
783 4218 901 4303 quibus
916 4228 1012 4302 aptus
1027 4215 1098 4279 erit.

234 4321 267 4381 A
282 4318 377 4383 trivio
391 4319 449 4385 tibi
465 4316 591 4384 dicendi
607 4331 753 4383 sumetur
767 4321 874 4403 origm

319 4423 401 4483 Ante
416 4433 523 4484 tamen
539 4417 659 4494 videas,
675 4441 750 4505 quae
764 4418 885 4503 quibus
899 4426 975 4500 apta
990 4415 1074 4482 locis.
