2992 5592
271 811 337 856 car.
352 791 464 872 mn]
643 811 887 859 unrsuoorcus.
1185 807 1226 865 57

270 971 299 1025 et
321 959 465 1025 diversas
488 961 534 1026 sic
557 962 607 1026 vel
629 962 672 1028 sic
694 962 821 1029 dicendi
844 965 992 1042 rationes,
1014 966 1173 1049 ostendat,
1193 982 1226 1034 et

271 1064 698 1132 crebrisoommonitionibus
710 1081 786 1153 agat
797 1068 829 1132 in
841 1069 1022 1134 memoriam
1032 1069 1227 1137 auditorum.

272 1168 427 1233 ductores
442 1167 597 1248 excutiat,
619 1184 651 1235 et
667 1170 733 1235 sine
747 1170 938 1237 intuentium
960 1175 1025 1238 risu
1041 1196 1094 1238 eos
1108 1173 1228 1260 plumis

270 1269 393 1356 spoliet,
404 1293 484 1358 quas
491 1269 546 1352 (ad
559 1271 688 1337 modum
694 1272 875 1355 corniculae)
886 1296 926 1337 ex
935 1273 1226 1362 variisdisciplinis,

272 1386 305 1438 ut
321 1371 408 1437 oolor
423 1373 529 1459 aptior
539 1374 591 1452 sit,
603 1375 668 1440 suis
678 1376 830 1460 operibus
841 1374 1036 1441 indiderunt.
1060 1378 1223 1454 Quantum

271 1474 418 1558 pluribus
439 1475 615 1561 disciplinis
637 1489 669 1542 et
691 1477 907 1543 abundantius
930 1479 1067 1564 quisque
1082 1479 1228 1547 imbutus

271 1576 379 1657 fuerit,
395 1589 485 1642 tanto
499 1577 690 1661 elegantiam
705 1594 871 1644 auctorum
893 1579 1019 1664 plenius
1034 1580 1226 1661 intuebitur,

271 1678 459 1765 planiusque
481 1679 619 1745 docebit.
666 1681 719 1744 llli
741 1680 826 1745 enim
857 1705 913 1768 per
936 1681 1107 1764 diacrisim,
1129 1706 1224 1770 quam

272 1804 328 1845 nos
349 1780 604 1862 illustrationem,
626 1782 692 1847 sive
713 1783 958 1869 picturationem
981 1805 1148 1868 possumus
1169 1808 1225 1872 ap-

272 1883 626 1969 pellare,quumrudem
636 1885 1225 1973 materiamhistoriae,autargumenti,

272 1998 328 2049 aut
343 1984 474 2065 sabula,
489 1985 623 2050 aliamve
633 1984 809 2072 quamlibet
820 1988 1043 2073 suscepissent,
1053 2011 1120 2052 eam
1136 2001 1226 2054 tanta

272 2086 511 2172 disciplinarum
532 2088 635 2174 copia,
651 2102 683 2153 et
699 2102 789 2154 tanta
811 2090 1049 2176 compositionis
1069 2107 1101 2156 et
1116 2091 1225 2156 condi-

272 2190 370 2254 menti
402 2190 506 2275 gratia
542 2190 741 2268 excolebant,
779 2205 815 2256 ut
846 2216 927 2279 opus
962 2192 1232 2276 consummatum,

271 2291 410 2357 omnium
434 2292 551 2358 artium
574 2293 811 2377 quodammodo
827 2293 990 2360 videretur
1011 2296 1127 2381 imago.
1173 2296 1223 2364 Si·

272 2395 402 2481 quidem
416 2396 645 2475 Grammatiea,
655 2397 844 2484 poeticaque
854 2422 887 2462 se
899 2412 982 2462 totas
992 2398 1180 2477 infundunt,
1190 2411 1223 2464 et

271 2499 351 2583 ejus,
382 2497 470 2584 quod
499 2498 682 2584 exponitur,
708 2513 808 2564 totam
835 2501 1030 2585 superficiem
1054 2514 1223 2587 occupant.

272 2602 371 2676 Huic,
401 2613 437 2664 ut
464 2599 526 2663 diei
551 2600 641 2680 solet,
666 2606 890 2685 campologica,
916 2601 1073 2688 probandi
1102 2606 1223 2668 colores

270 2705 415 2779 afferens,
439 2723 514 2765 suas
536 2701 680 2766 immittit
704 2703 842 2766 rationes
864 2703 895 2765 in
919 2702 1045 2788 fulgore
1067 2701 1158 2765 auri:
1189 2716 1222 2767 et

271 2803 426 2869 rhetorica
441 2803 473 2866 in
489 2804 568 2866 locis
583 2802 821 2888 persuasionum
838 2819 869 2870 et
886 2805 987 2870 nitore
1002 2803 1132 2890 eloquii,
1148 2826 1222 2868 can·

271 2907 380 2971 dorem
395 2920 583 2990 argenteum
596 2906 778 2972 mmulatur.
816 2908 1047 2973 Mathematica
1062 2905 1221 2992 quadrivii

273 3006 763 3094 suirotisvehitur,aliarumque
774 3009 1079 3092 vestigiisinsistens,
1090 3006 1221 3083 colores,

273 3119 306 3172 et
320 3123 499 3174 venustates
514 3133 586 3174 suas
601 3110 772 3195 multiplici
789 3111 941 3173 varietate
956 3109 1108 3173 contexit.
1135 3107 1222 3191 Phy-

273 3212 337 3275 sica
352 3212 522 3298 exploratis
545 3227 669 3277 naturoe
690 3211 841 3289 consiliis,
862 3211 901 3274 de
923 3211 1143 3296 promptuario
1162 3229 1223 3273 suo

270 3315 940 3401 affertmultiplicemeolorumvenustatem.
962 3311 1135 3378 lllaautem
1147 3334 1222 3397 qua·

270 3421 391 3481 caeteris
397 3416 606 3502 philosophiae
617 3418 764 3502 partibus
772 3416 967 3501 praeeminet,
978 3413 1124 3479 Etbicam
1138 3411 1221 3489 dico,

271 3519 337 3582 sine
349 3541 414 3604 qua
423 3538 480 3580 nec
492 3517 674 3603 philosophi
687 3518 833 3583 subsistit
846 3540 971 3595 nomen,
982 3515 1088 3580 collati
1100 3513 1223 3580 decoris

270 3624 373 3706 gratia
387 3642 497 3683 omues
518 3619 595 3682 alias
610 3620 780 3685 antecedit.
826 3618 951 3683 Excute
969 3617 1150 3704 Virgilium,
1164 3629 1222 3682 aut

270 3728 448 3802 Lucanum,
462 3735 495 3786 et
511 3722 567 3798 ibi,
589 3723 811 3808 cujuscunque
831 3723 1041 3809 philosophiae
1062 3721 1222 3807 professor

270 3825 320 3902 sis,
330 3825 476 3911 ejusdem
491 3824 631 3888 invenies
642 3824 852 3888 condituram.
878 3827 967 3910 Ergo
977 3849 1036 3912 pro
1046 3824 1221 3909 capacitate

267 3927 429 4003 discentis,
442 3940 499 3990 aut
515 3925 659 3988 docentis
670 3925 840 4000 industria,
857 3941 889 3989 et
905 3926 1084 4013 diligentia,
1096 3937 1220 3989 constat

268 4029 394 4094 fructus
423 4027 634 4112 praelectionis
664 4041 843 4090 auctorum.
904 4027 1106 4113 Sequebatur
1135 4028 1220 4090 hunc

270 4152 388 4193 morem
407 4130 592 4192 Bernardus
616 4130 831 4206 carnotensis,
847 4129 1140 4193 exundantissimus
1156 4149 1221 4187 mo-

269 4231 374 4294 dernis
403 4229 603 4315 temporibus
626 4231 696 4293 sons
726 4229 888 4294 literarum
919 4231 951 4293 in
983 4226 1101 4302 Gallia,
1130 4236 1161 4288 et
1188 4225 1219 4288 in

270 4349 436 4399 auctorum
455 4332 587 4397 lectione
603 4332 681 4418 quid
694 4331 829 4418 simplex
841 4346 933 4405 esset,
951 4330 1033 4394 etad
1050 4327 1218 4411 imaginem

270 4437 390 4524 regulae
419 4435 571 4522 positum,
602 4434 810 4505 ostendebam
843 4437 962 4516 ligurus
991 4427 1220 4515 grammatica),
