2992 5592
549 795 626 839 vrrs
642 797 764 841 seuera
778 797 937 841 nasetur.
1155 785 1217 846 sta

267 946 451 1029 apostolicae
466 946 662 1031 majestatem
688 959 744 1012 aut
765 969 869 1011 meam
894 946 1047 1011 dedeceat
1070 948 1217 1014 honesta·

266 1047 361 1109 tem.”
404 1049 578 1111 Venientes
593 1057 700 1111 autem
716 1049 852 1111 Romam
870 1048 982 1111 nuncii
996 1069 1071 1111 cum
1095 1049 1218 1113 archie-

266 1149 446 1230 piscopus
468 1148 598 1211 domino
625 1150 773 1212 Paschali
796 1170 892 1233 papa,
907 1149 962 1232 qui
987 1151 1121 1213 Urbano
1145 1172 1216 1214 suc·

268 1256 416 1324 cesserat,
430 1248 569 1329 benigne
584 1249 703 1330 recepti
719 1260 801 1310 sunt.
848 1247 979 1309 Exinde
1001 1269 1059 1311 suo
1074 1261 1217 1332 tempore

267 1347 459 1420 Willelmus,
476 1346 515 1408 de
537 1368 600 1429 quo
616 1368 723 1428 supra,
738 1366 867 1409 causam
882 1346 967 1427 regis
982 1349 1153 1430 exposuit;
1178 1371 1217 1412 ac

267 1448 349 1510 inter
378 1458 493 1509 caetera
517 1431 635 1521 intulit,
659 1446 746 1528 quod
769 1468 828 1509 rex
851 1468 911 1510 nec
934 1468 991 1530 pro
1013 1449 1101 1529 regui
1123 1450 1218 1513 amis·

267 1548 357 1611 sione
374 1548 580 1610 ecclesiarum
603 1548 805 1611 investituras
825 1549 886 1610 sibi
910 1560 1070 1631 pateretur
1093 1549 1218 1612 auferri.

269 1649 326 1711 Ad
348 1671 422 1732 quae
453 1650 618 1712 Paschalis
644 1670 728 1732 papa
753 1650 928 1731 respondit.
973 1650 1038 1713 “Si
1064 1671 1122 1714 rex
1146 1662 1221 1713 tuus

268 1771 329 1813 nec
345 1769 404 1830 pro
419 1750 508 1830 regui
524 1749 695 1812 amissione
718 1750 924 1812 ecclesiarum
951 1751 1140 1814 donationes
1166 1772 1221 1834 pa·

268 1853 365 1915 tietur
378 1851 541 1921 amittere;
571 1851 655 1913 scias
670 1851 746 1912 etei
761 1849 899 1912 fideliter
911 1851 1046 1923 reseras3
1069 1872 1144 1915 ecce
1160 1872 1221 1932 ego

269 1974 377 2016 coram
393 1954 465 2014 Deo
480 1953 603 2035 loquor,
620 1951 696 2034 quia
710 1972 771 2013 nec
795 1972 854 2033 pro
871 1952 921 2014 sui
944 1952 1059 2033 capitis
1077 1951 1222 2034 redemp-

268 2054 356 2118 tione
381 2074 436 2115 eas
461 2052 508 2112 illi
537 2051 704 2113 Paschalis
730 2052 859 2133 impune
886 2053 1048 2134 permittet
1073 2053 1221 2114 habere.”

269 2157 315 2218 Et
329 2154 459 2238 quidem
475 2174 571 2216 causa
589 2152 672 2233 regis
695 2161 772 2214 tunc
797 2153 830 2214 in
854 2153 904 2215 his
928 2151 1045 2216 tinibus
1068 2154 1222 2219 subsistit.

270 2257 432 2328 Quantum
453 2275 527 2316 vero
550 2254 703 2315 Anselmo
728 2253 895 2316 Paschalis
917 2251 1068 2317 detulerit
1089 2267 1121 2317 et
1145 2277 1223 2323 con-

269 2354 379 2417 tulerit
402 2365 543 2436 ternpore
569 2373 638 2429 suo,
661 2353 764 2434 liquet
789 2373 830 2414 ex
853 2354 972 2415 multis.
1018 2355 1060 2416 Ei
1083 2376 1222 2437 namque

270 2456 439 2537 primatum
455 2452 639 2528 Britanniae‚
654 2473 747 2533 qucur
764 2461 936 2535 atempore
951 2455 1036 2516 beati
1053 2456 1222 2536 Augustini

271 2565 486 2618 antecessores
514 2553 700 2629 habuerant,
730 2551 939 2617 confirmavit.
986 2554 1062 2616 Hoc
1096 2575 1223 2638 quoque

271 2655 483 2739 personaliter
497 2653 694 2736 privilegium
712 2651 820 2722 deditt
851 2661 887 2713 ut
901 2653 942 2713 ab
959 2653 1100 2713 omnium
1121 2655 1225 2735 Lega-

271 2770 374 2820 torum
398 2754 520 2817 ditione
541 2751 650 2833 quoad
670 2751 787 2811 viveret
809 2761 892 2812 esset
914 2762 1094 2833 exemptus.
1138 2754 1225 2818 Prae·

272 2867 361 2921 terea
375 2853 545 2918 Girardum
561 2852 802 2913 Eboracensem
824 2850 1051 2931 professionem
1068 2852 1224 2917 Auselmo

272 2957 375 3020 facere
392 2953 619 3016 detrectantem
635 2970 732 3012 causa
747 2951 876 3031 cognita
891 2952 996 3032 coegit
1010 2952 1169 3033 profiteri;
1194 2964 1225 3018 et

271 3059 299 3123 si
323 3059 558 3121 circumventus
584 3049 780 3134 quandoque
805 3053 837 3113 in
865 3053 1058 3115 contrarium
1085 3055 1223 3136 scripsit.

272 3159 411 3222 Secutus
426 3154 510 3216 enim
522 3163 570 3216 est
585 3153 784 3215 decisionem
793 3144 905 3215 'causat
921 3153 1091 3216 Lanfranci
1102 3164 1223 3236 tempo·

271 3257 360 3322 ribus
386 3254 427 3318 ab
454 3251 641 3316 Alexandro
669 3253 818 3314 Romano
845 3251 999 3333 pontifice
1030 3250 1131 3336 [quae]
1161 3256 1223 3317 sol·

272 3358 422 3422 lemniter
444 3356 529 3418 sacta
550 3365 599 3416 est
620 3365 652 3415 et
674 3353 708 3415 in
734 3354 922 3434 scripturam
949 3352 1088 3416 redacta.
1135 3354 1225 3417 Indi·

275 3471 351 3523 cant
365 3458 428 3520 hoc
451 3458 564 3519 liuere
584 3455 666 3537 ejus,
682 3475 754 3536 quae
778 3454 811 3515 in
834 3452 986 3516 Ecclesia
1002 3453 1223 3521 Cantuariensi

274 3559 381 3624 adhuc
393 3556 654 3621 extantbullatae.
698 3555 786 3626 Quid
797 3552 917 3617 multe?
941 3575 1006 3616 nou
1022 3556 1224 3620 meminimus

273 3681 385 3745 preces
401 3656 544 3722 Auselmi
558 3655 714 3737 repulisse
729 3655 920 3720 Paschalem
938 3675 1066 3738 papam,
1083 3658 1130 3720 vel
1152 3678 1223 3749 qua

275 3764 480 3828 innotuerant
495 3757 657 3820 distulisse
672 3767 757 3822 rota.
