2992 5592
268 812 335 858 css.
350 793 444 873 vtis]
622 810 865 857 saracenicos.
907 843 909 846 .
1180 803 1220 858 ts

267 962 424 1028 bilitatem
454 960 584 1046 linguae,
614 962 821 1047 capacitatem
852 963 1021 1026 memoriae.
1075 961 1130 1026 Ad
1160 964 1220 1028 hoe

266 1063 347 1128 enim
371 1062 499 1149 proficit
523 1062 674 1148 frequens
700 1062 781 1139 baec,
805 1062 899 1127 etde
922 1063 1070 1128 omnibus
1094 1087 1220 1129 concer-

266 1167 365 1238 tatio;
404 1186 481 1249 quae
510 1176 662 1249 quartum
698 1186 830 1250 quoque
859 1161 979 1249 adjicit,
1008 1163 1219 1230 subtilitatem

266 1266 404 1354 ingenii:
443 1266 597 1331 continuo
626 1266 784 1352 siquidem
815 1266 939 1352 proficit
968 1269 1127 1333 exercitio.
1185 1270 1219 1333 Si

265 1382 371 1433 autem
404 1367 581 1432 moderatio
607 1366 701 1446 desit,
731 1368 836 1433 omnia
866 1368 934 1432 lraec
963 1369 995 1432 in
1025 1369 1218 1435 contrarium

265 1468 403 1534 cedunt:
428 1468 630 1533 subtrabitur
644 1492 782 1556 namque
802 1469 973 1535 subtilitati
989 1470 1120 1536 utilitas.
1157 1473 1219 1536 Ni·

265 1569 314 1633 tait
335 1582 455 1646 autem,
481 1582 518 1634 ut
543 1569 575 1632 in
602 1573 706 1655 primo
729 1569 994 1634 declamationum
1018 1572 1064 1634 ait
1089 1571 1218 1647 Seneca,

265 1670 415 1738 odibilius
437 1669 625 1749 subtilitate,
651 1671 705 1736 ubi
730 1671 814 1734 ailtil
837 1672 927 1735 aliud
951 1682 1007 1746 est,
1033 1693 1124 1757 mam
1149 1671 1219 1735 sub-

266 1775 388 1839 tilitas:
413 1773 458 1837 Et
474 1772 513 1836 ad
530 1772 702 1849 Lucilium,
719 1772 801 1836 nittt
814 1784 861 1837 est
874 1775 998 1836 acutius
1012 1774 1123 1835 aristo.
1153 1775 1221 1839 Sed

265 1875 343 1952 bec,
358 1875 404 1938 od
416 1875 495 1959 quid
507 1874 620 1937 utilis?
658 1873 736 1938 Tale
757 1875 871 1958 utique
886 1886 934 1938 est
949 1873 1028 1937 illud
1045 1873 1218 1959 ingenium,

265 1976 354 2064 quod
377 1976 443 2039 sola
466 1974 644 2040 subtilitate
666 1974 842 2052 lasciviens,
864 1975 954 2039 nulla
975 1974 1091 2040 residet
1112 1977 1219 2060 gravi-

264 2091 340 2143 tate.
387 2080 460 2142 Hoc
475 2089 536 2154 est,
553 2075 639 2162 quod
655 2077 688 2140 in
702 2076 786 2141 libro
800 2076 842 2140 de
856 2076 1057 2142 institutione
1070 2077 1216 2155 oratoris,

262 2200 471 2266 praecoquum
487 2177 615 2254 dicitur,
632 2189 662 2242 et
677 2201 737 2242 aon
754 2190 863 2243 temere
872 2181 1017 2264 pervenit
1030 2181 1215 2265 adstrepere.

265 2280 438 2345 Laudatur
459 2280 492 2344 in
515 2280 635 2367 pueris,
657 2280 711 2344 sed
734 2281 766 2345 in
790 2282 918 2347 senibus
939 2283 1163 2363 contemnitur,
1183 2297 1216 2348 et

263 2382 434 2471 culpatur:
457 2382 549 2469 pueri
564 2383 648 2447 enim
669 2406 709 2447 ex
730 2384 791 2447 boc
805 2383 898 2448 facile
917 2407 1016 2471 parva
1036 2385 1169 2465 faciunt,
1184 2399 1217 2449 et

264 2483 399 2548 audacia
413 2483 566 2569 provecti,
578 2483 733 2571 quicquid
748 2498 892 2572 possunt,
908 2485 1014 2550 statim
1027 2485 1214 2551 ostendunt:

263 2598 399 2672 possunt
416 2599 523 2650 autem
536 2584 569 2648 id
582 2585 710 2649 demum
727 2587 814 2673 quod
828 2587 859 2649 in
871 2586 1019 2673 proximo
1029 2600 1087 2651 est.
1111 2587 1217 2651 Verba

263 2687 465 2762 concinnant,
487 2700 518 2752 et
540 2688 739 2765 continuant,
760 2688 828 2753 lece
848 2691 934 2752 vetto
952 2689 1109 2763 interrito,
1130 2687 1217 2752 nulla

265 2786 383 2853 tardati
393 2787 585 2851 verecundia
596 2788 774 2874 proferunt.
813 2789 886 2853 Non
902 2787 1040 2853 multum
1053 2799 1217 2875 praestant,

265 2887 318 2953 sed
341 2889 418 2971 cito,
442 2910 506 2952 non
533 2887 641 2954 subest
665 2910 739 2953 vera
761 2890 817 2970 vis,
839 2913 896 2954 nec
919 2889 1048 2976 penitus
1069 2888 1217 2953 immissis

263 2991 425 3057 radicibus
445 2991 569 3057 nititur.
615 2992 663 3056 Ut
686 3015 762 3078 quae
782 2993 849 3057 solo
868 3015 994 3057 summo
1011 3014 1119 3078 sparsa
1141 3006 1216 3056 sunt

266 3094 398 3172 semina,
411 3094 543 3159 celerius
565 3117 598 3158 se
619 3094 803 3170 effundunt,
819 3105 851 3158 et
871 3093 1004 3157 imitatae
1023 3092 1127 3178 spicas
1146 3091 1217 3154 ber-

265 3194 366 3270 bulae,
380 3195 527 3262 inanibus
542 3193 647 3262 aristis
661 3207 735 3259 ante
758 3215 889 3258 messem
905 3193 1096 3256 flavescunt:
1125 3192 1170 3255 sic
1185 3205 1216 3256 et

264 3294 403 3382 ingenia,
426 3321 500 3384 quae
519 3296 729 3363 subtilitatem
753 3307 810 3360 aut
832 3294 955 3381 copiam
979 3293 1140 3371 affectant,
1162 3292 1217 3357 de-

263 3395 362 3461 ducta
375 3399 547 3482 gravitate,
563 3401 688 3485 placent
703 3397 773 3461 haec
788 3393 879 3462 annis
892 3409 1085 3483 comparate,
1101 3394 1217 3460 deinde

263 3512 327 3564 etat
352 3500 527 3585 profectus,
554 3501 723 3565 admiratio
749 3499 913 3578 decrescit,
940 3500 984 3564 sic
1012 3513 1056 3580 et,
1080 3498 1112 3563 in
1138 3501 1217 3564 visio

263 3601 376 3677 Flavo,
386 3601 443 3687 qui
455 3603 610 3668 referente
621 3605 740 3667 Seneca
751 3601 839 3688 apud
851 3603 999 3666 Arellium
1007 3601 1216 3683 declamabat,

263 3701 388 3786 aliquid
415 3716 507 3769 extra
531 3705 745 3790 eloquentiam
773 3704 1026 3778 commendabat,
1056 3707 1093 3767 in
1113 3726 1217 3788 puero

261 3803 382 3867 seilicet
411 3804 624 3888 eloquentiam
663 3802 847 3867 lenocinium
876 3815 944 3867 erat
976 3803 1094 3887 ingenii
1125 3817 1213 3870 astas.

265 3903 325 3967 Sed
358 3926 417 3968 nec
445 3903 612 3966 verborum
640 3902 731 3988 copia
761 3915 917 3988 perpetuo
947 3902 1073 3966 laudem
1100 3903 1216 3968 habet:
1307 3948 1322 3974 .

262 4016 297 4067 ut
323 4005 408 4067 enim
433 4002 478 4065 ait
507 4003 668 4078 Sidonius,
694 4023 756 4065 teon
781 4011 827 4064 est
850 4005 950 4082 major
967 4002 1074 4086 pluria
1100 4003 1217 4064 dixisse

262 4107 343 4190 quod
367 4104 502 4178 ameris,
528 4125 619 4189 quom
648 4103 770 4167 siluisse
794 4103 879 4188 quod
902 4104 1029 4167 nescios
1091 4102 1152 4163 Sed
1183 4115 1215 4163 et

262 4205 373 4269 Cicero
397 4202 497 4266 verba
520 4202 696 4288 redarguit,
718 4225 792 4288 quae
816 4203 881 4266 sine
906 4201 1055 4274 utilitate,
1078 4212 1135 4261 aut
1162 4221 1216 4260 vo-

261 4305 386 4392 luptate
410 4318 476 4368 tam
501 4303 646 4378 dicentis,
669 4325 765 4388 quam
787 4300 945 4366 audientis
967 4296 1124 4362 inutiliter
1144 4317 1215 4380 pro

259 4406 419 4474 feruntur.
467 4405 599 4470 Obtinet
615 4405 698 4468 enim
714 4402 794 4467 illud
812 4400 989 4486 poeticum:
