2992 5592
400 807 442 867 98
648 816 785 863 solutus
800 816 1078 862 sanmannransrs
1219 798 1302 877 [crs.
1317 817 1352 861 ιι.

404 984 469 1046 tur,
491 983 548 1033 aut
571 990 686 1033 nomon
708 973 894 1052 suscipiunt
914 967 1076 1046 creatoris,
1104 979 1161 1031 aut
1191 980 1352 1033 creaturas.

406 1069 583 1157 Siquidem,
608 1083 644 1134 ut
659 1071 704 1133 ait
725 1072 879 1152 ulgerius
900 1068 1088 1133 venerabilis
1104 1068 1354 1153 Andegavorum

403 1173 584 1260 Episcopus
604 1177 639 1238 in
666 1172 822 1236 Venalitio
843 1175 1100 1255 disciplinarum,
1113 1176 1294 1254 gratiosum
1316 1173 1357 1235 ad

402 1278 536 1340 invicem
551 1276 641 1340 debet
662 1297 728 1340 esse
746 1276 832 1338 verbi
846 1277 1088 1338 commercium.-
1110 1296 1184 1337 nam
1207 1274 1239 1336 iu
1256 1272 1357 1360 philo-

405 1376 608 1463 sophautium
635 1377 705 1440 soro
728 1376 884 1440 exuberat
911 1375 1046 1451 bonitas,
1068 1388 1100 1439 et
1124 1376 1222 1439 verba
1243 1374 1356 1439 distra-

404 1479 527 1544 huntur
542 1477 582 1541 ad
597 1479 745 1564 gratiam.
791 1481 907 1564 Itaque
922 1477 1017 1542 detur
1029 1488 1066 1540 ut
1081 1477 1144 1543 sint
1157 1477 1355 1550 universalia,

403 1584 570 1648 autetiam
592 1597 629 1647 ut
644 1606 694 1647 res
709 1583 784 1660 siut,
802 1583 827 1646 si
843 1582 902 1646 hoc
917 1582 1132 1666 pertinacibus
1148 1580 1271 1668 placet;
1294 1603 1354 1644 non

405 1699 512 1749 tamen
542 1686 584 1750 ob
605 1687 664 1750 hoc
687 1707 800 1750 verum
823 1684 895 1762 crit,
917 1705 1022 1747 rerum
1053 1706 1223 1748 numerum
1246 1684 1354 1769 augeri

404 1787 453 1852 vel
468 1787 569 1852 minui
586 1810 644 1873 pro
654 1811 704 1866 eo,
714 1786 802 1873 quod
817 1786 879 1850 ista
890 1808 952 1850 non
962 1799 1036 1851 sunt
1047 1786 1080 1849 iu
1092 1808 1226 1850 numero
1241 1807 1354 1850 rerum.

404 1889 439 1953 Si
459 1890 532 1976 quis
554 1903 661 1954 autem
686 1888 876 1954 universalia
891 1887 1017 1952 seorsim
1040 1901 1211 1968 recenseat,
1226 1909 1355 1952 numero

403 1990 532 2075 quidem
549 1991 685 2054 inveniet
700 2014 766 2054 csse
778 1991 933 2076 subjecta,
944 1989 1000 2054 sed
1010 1990 1063 2054 cui
1074 1990 1285 2074 singularium
1299 2010 1355 2052 uu·

404 2113 581 2155 merusnon
591 2105 796 2176 aggregatur.
833 2093 924 2157 Sicut
935 2092 1017 2156 enim
1030 2091 1236 2178 collegiisaut
1246 2113 1353 2176 corpo

403 2193 566 2257 ribusnon
576 2194 971 2280 connumeranturcapita‚
980 2206 1036 2258 aut
1044 2195 1205 2280 capitibus
1213 2214 1356 2279 corpora,

403 2297 447 2359 sic
462 2316 519 2358 nec
535 2294 725 2359 universalia
734 2295 962 2381 singularibus,
973 2318 1030 2359 nec
1045 2294 1219 2380 singularia
1234 2295 1354 2359 numeri

402 2396 576 2461 accessione
605 2396 839 2462 universalibus
860 2411 1061 2462 accrescunt:
1092 2419 1246 2463 uumerus
1270 2396 1350 2461 enim

404 2499 562 2563 duntaxat
571 2498 626 2563 ille
636 2499 872 2586 complectitur,
886 2523 960 2587 quae
972 2499 1114 2586 ejusdem
1126 2499 1260 2564 rationis
1271 2511 1354 2578 sunt,

403 2615 435 2667 et
451 2625 524 2688 quaa
539 2601 572 2666 in
595 2602 728 2687 singulis
744 2625 849 2667 rerum
873 2603 1044 2687 generibus
1060 2615 1175 2666 natura
1194 2601 1351 2666 discrerit.

406 2705 495 2770 Nihil
510 2718 617 2770 autem
640 2706 819 2770 universale
839 2719 897 2783 est,
912 2704 972 2769 nisi
988 2705 1076 2791 quod
1093 2708 1125 2770 iu
1141 2703 1354 2790 singularibus

402 2808 573 2873 invenitur.
619 2809 767 2872 Seorsum
796 2821 901 2872 tamen
922 2830 943 2871 a
964 2807 1074 2873 multis
1094 2806 1268 2892 quaesitum
1297 2819 1353 2881 est,

403 2909 459 2974 sed
474 2910 602 2975 tandem
619 2910 699 2973 nibil
721 2909 911 2974 invenerunt
928 2932 1037 2974 omnes
1059 2911 1091 2973 iu
1108 2908 1256 2974 manibus
1275 2908 1353 2973 suis:

402 3014 553 3099 quoniam
574 3035 714 3079 seorsum
735 3037 755 3077 a
774 3013 1000 3097 singularibus,
1020 3012 1098 3076 nihil
1120 3024 1180 3092 est,
1195 3012 1256 3077 nisi
1275 3012 1354 3076 torte

401 3115 510 3202 qualia
524 3128 599 3180 sunt
614 3139 699 3193 reru,
721 3130 779 3180 aut
795 3115 908 3179 similia
923 3114 1163 3201 complexorum
1178 3114 1353 3200 significate

406 3239 596 3282 sermonum.
641 3222 709 3283 Nec
724 3234 849 3282 moveat
863 3217 950 3302 quod
966 3216 1139 3303 singularia
1148 3230 1181 3282 et
1193 3239 1353 3304 corpores,

401 3320 549 3402 exempla
569 3333 642 3384 sunt
660 3319 897 3397 universalium,
913 3333 946 3384 et
959 3319 1231 3405 incorporalium
1255 3341 1352 3407 quum

399 3422 501 3484 omnis
523 3422 605 3483 ratio
625 3421 758 3505 gerendi
788 3426 840 3504 (ut
862 3422 908 3486 ait
929 3421 1144 3508 Augustinus)
1167 3422 1353 3509 incorporea

400 3520 452 3600 sit,
466 3533 499 3585 et
513 3519 716 3597 insensibilis,
732 3521 813 3586 illud
829 3537 935 3588 tamen
950 3524 1038 3612 quod
1053 3525 1188 3610 geritur,
1204 3539 1237 3591 ct
1252 3539 1351 3600 smus

400 3644 465 3707 quo
492 3620 628 3707 geritur,
650 3621 841 3710 plerumque
863 3625 1020 3692 sensibilis
1049 3627 1099 3692 sit.
1145 3629 1238 3714 Ergo
1264 3625 1351 3715 quod

398 3745 486 3787 meus
513 3725 725 3789 communiter
745 3727 908 3812 intelligit,
937 3729 1031 3794 etad
1055 3729 1230 3814 singularia
1251 3729 1352 3794 mutu

395 3847 488 3911 reque
510 3824 667 3910 pertinet:
692 3829 781 3913 quod
805 3853 867 3894 vox
888 3833 1102 3897 communitor
1123 3832 1296 3916 significat,
1316 3843 1348 3896 et

396 3949 488 4014 aeque
510 3927 551 3992 de
580 3927 691 3994 multis
713 3954 823 3996 verum
852 3946 911 4009 est,
934 3932 1155 3999 indubitanter
1175 3933 1353 4000 universale

395 4045 452 4096 est.
500 4029 562 4095 Sed
572 4043 604 4094 et
617 4030 677 4095 boc
687 4033 805 4119 ipsum,
819 4034 936 4099 scilicet
947 4035 1034 4121 quod
1046 4035 1250 4121 intelligitur,
1263 4036 1351 4126 quod

395 4132 604 4222 significatur,
619 4134 790 4222 benignius
809 4137 1084 4223 interpretandum
1100 4152 1161 4216 est,
1178 4152 1217 4204 ut
1232 4163 1349 4228 nequa·

394 4262 491 4326 quam
514 4237 554 4303 ad
577 4237 764 4323 disputandi
794 4239 984 4304 decurratur
1004 4240 1181 4323 angustias,
1210 4258 1244 4307 et
1274 4241 1350 4308 artis

394 4342 611 4424 grammaticae
634 4339 865 4414 subtilitatem
890 4364 963 4427 quae
984 4364 1026 4406 ex
1053 4342 1103 4405 sui
1132 4356 1262 4427 notura,
1289 4342 1347 4409 nisi

395 4441 486 4504 venia
515 4440 649 4506 licentiae
679 4440 860 4527 impetrata,
890 4443 1155 4507 demonstrativos
1179 4444 1347 4523 dictiones,
