2992 5592
530 820 754 867 unranrrcns.
1062 809 1125 866 aet

205 975 297 1046 Quod
310 975 519 1036 cancellariae
533 997 565 1038 se
580 974 757 1059 confirmat
772 976 900 1048 aulicis,
916 981 955 1036 at
970 980 1091 1035 revocet

555 1076 596 1139 ab
611 1098 724 1139 errore.

170 1176 303 1239 Tristior
316 1179 385 1240 haec
402 1180 504 1242 cernit
512 1180 592 1262 jun's
608 1179 757 1241 defensor
772 1190 805 1241 et
819 1189 929 1253 artem,
1040 1181 1122 1238 last

257 1279 329 1350 Qua
344 1280 422 1343 serat
436 1281 589 1342 auxilium
606 1280 849 1363 consiliumque,
864 1292 961 1363 parat.

171 1380 218 1441 Ut
231 1379 315 1441 furor
329 1381 453 1443 illorum
470 1383 627 1457 mitescat,
643 1381 842 1444 dissimulare

256 1482 362 1544 Multa
377 1484 467 1557 solet,
485 1482 622 1557 simulat,
637 1483 724 1566 quod
741 1484 782 1544 sit
797 1495 829 1544 et
842 1483 911 1563 ipse
926 1481 1050 1553 surens;

171 1581 330 1643 Omnibus
346 1583 450 1644 omnia
469 1583 516 1656 fit,
532 1585 642 1665 specie
657 1598 750 1646 tenus
765 1584 870 1645 induit
886 1583 1022 1659 hostem,

258 1684 304 1745 Ut
319 1684 448 1765 paribus
463 1683 577 1746 studiis
593 1684 696 1746 discat
710 1706 816 1747 amaro
833 1685 948 1746 Deum.
1040 1685 1122 1742 ltro

170 1784 230 1846 llle
246 1782 339 1845 dolus
354 1786 458 1847 bonus
474 1795 531 1861 cst,
548 1786 602 1869 qui
619 1785 747 1868 prolicit
762 1785 901 1862 utilitati,

258 1885 330 1955 Quo
345 1898 554 1968 procurantur
568 1886 694 1966 gaudia,
710 1888 784 1963 vita,
799 1889 895 1949 salus.

170 1985 315 2048 Balbutit
329 1988 449 2063 nutrix,
464 1999 500 2050 ut
514 1988 653 2068 linguam
670 1988 783 2050 formet
798 1989 928 2065 alumni,

256 2088 300 2148 Et
317 2109 422 2149 serum
439 2088 514 2151 ficto
530 2104 623 2151 cauta
639 2089 747 2151 dolore
764 2090 863 2169 sugat,

171 2188 338 2250 Lascivum
355 2189 451 2252 risum
469 2191 608 2253 lacrimis
623 2192 803 2273 compescit
819 2191 937 2253 obortis
1043 2193 1125 2251 1445

258 2288 301 2350 Εῑ
315 2302 441 2353 teneros
456 2313 568 2354 sensus
584 2292 705 2374 decipit
720 2304 786 2355 arte
801 2293 861 2375 pia.

171 2390 304 2454 Excitat
318 2391 358 2453 ad
372 2393 518 2455 lacrimas
533 2394 631 2456 facies
646 2394 873 2476 lachrymantis
888 2395 1038 2470 amicum,

256 2494 302 2555 Et
314 2494 413 2557 facies
428 2494 535 2558 hilaris
550 2494 666 2575 gaudia
682 2517 767 2579 saepe
784 2496 869 2579 lacit.

172 2574 297 2655 Fortius
312 2607 347 2656 ut
362 2597 451 2657 miles
466 2617 647 2678 pugnacem
664 2607 807 2657 conterat
822 2597 956 2672 hostem,

258 2695 335 2757 Dux
351 2696 427 2758 lacit
444 2709 591 2770 armatus,
606 2694 682 2757 dum
699 2694 765 2757 sera
779 2695 865 2756 bella
878 2698 968 2777 gerit.
1042 2699 1123 2756 uto

171 2796 267 2858 Miles
282 2798 322 2859 ab
338 2797 487 2878 exemplo
503 2796 595 2857 ducis
609 2794 719 2857 hostes
734 2795 837 2857 acrius
852 2806 953 2876 urget,

258 2901 336 2961 Dux
352 2899 461 2979 fugiat,
476 2897 568 2958 miles
584 2895 639 2958 dat
654 2917 784 2979 quoque
799 2907 886 2977 terga
900 2896 995 2976 sugae.

171 3001 325 3063 Provocat
341 3002 458 3062 affectu
474 2998 635 3060 discentes
650 2999 814 3060 officiosus

259 3101 392 3167 Doctor,
407 3110 441 3160 ut
456 3101 605 3160 effectum
623 3097 725 3180 possit
741 3097 857 3159 habere
873 3099 971 3160 labor.

171 3202 277 3264 Nemo
292 3202 396 3262 libens
412 3199 501 3262 audit
516 3196 656 3282 suspecti
673 3201 769 3261 verba
785 3200 936 3280 magistri,
1044 3203 1123 3262 1455

258 3304 349 3378 Quae,
364 3302 440 3363 licet
453 3321 565 3382 aspera
577 3300 651 3376 sint,
667 3299 774 3362 dulcia
788 3299 893 3362 reddit
908 3321 1005 3363 amor.

173 3406 328 3487 lllaqueut
345 3403 441 3464 citius
458 3399 603 3463 homiues
618 3411 651 3463 et
665 3400 788 3463 valdius
804 3412 904 3464 arctat

257 3505 406 3566 Formula
421 3501 557 3578 vivendi,
572 3521 666 3582 quam
684 3503 788 3582 gravis
802 3514 913 3566 auctor
928 3516 1021 3568 amat.

171 3609 245 3671 Hac
262 3606 359 3687 igitur
373 3605 493 3667 ratione
510 3605 554 3666 tui
571 3626 659 3666 urens
675 3626 752 3666 sana
768 3607 904 3687 patroni,

258 3707 305 3769 Ut
319 3705 475 3788 patienter
489 3726 560 3768 enm
579 3705 712 3787 perferat
728 3707 801 3768 aula
815 3706 929 3770 furens.
1043 3713 1125 3772 1460

171 3807 351 3871 Conciliato
366 3806 471 3868 studet
487 3805 547 3867 sibi
563 3805 762 3868 conviventis
777 3826 915 3869 amorem

257 3908 387 3980 Turbae,
402 3928 444 3969 ne
459 3918 590 3990 peragat
603 3905 691 3967 ebria
707 3907 818 3970 mortis
833 3908 900 3970 iter.

220 4009 313 4084 Quod
327 4009 420 4070 multi
433 4027 595 4071 succesum
609 4027 727 4069 ausum
743 4008 902 4070 dederunt
916 4011 1028 4070 errori.

172 4112 272 4175 Ebria
287 4112 420 4174 sortuuae
437 4111 529 4174 donis
544 4131 627 4173 nura
642 4111 729 4173 curia
744 4131 819 4191 rege

258 4211 325 4273 Sub
340 4230 438 4294 puero
453 4209 553 4272 credit
569 4222 685 4272 cuncta
700 4209 798 4270 licere
812 4208 885 4270 sibi.

173 4312 316 4375 lusanire
331 4323 425 4394 putes
440 4331 531 4393 reque
541 4309 741 4392 juvenesque
757 4329 925 4390 senesque,
1038 4309 1124 4371 litt

258 4414 383 4476 Insanit
392 4413 495 4496 judex
516 4411 721 4493 officiumque
737 4431 838 4472 suum.
