2992 5592
294 793 354 855 126
548 809 684 852 sciurus
700 806 977 853 ennasuumurssrs
1092 791 1174 870 [ure.
1193 811 1238 855 nr.

289 957 447 1046 adjicitur,
463 969 519 1023 eut
537 958 686 1023 effectum
710 956 843 1033 redolet,
858 968 893 1021 et
911 957 956 1023 sic
976 957 1167 1024 substantiae
1187 961 1241 1026 ob·

287 1059 422 1125 noxium
435 1071 494 1141 est,
508 1071 565 1125 aut
579 1070 768 1145 potestatem
784 1058 876 1144 sapit,
893 1059 984 1143 cujus
1004 1058 1087 1126 forte
1101 1061 1241 1147 operatio

287 1162 429 1228 nondum
444 1173 502 1227 est.
534 1162 631 1236 Quod
645 1159 672 1227 si
683 1160 871 1246 processerit
881 1160 1056 1248 inquisitio,
1067 1174 1105 1227 ut
1118 1185 1240 1250 quaera·

287 1281 339 1330 tur
363 1274 494 1352 quante,
517 1274 574 1330 eut
596 1262 652 1328 ubi
676 1262 726 1339 sit,
751 1262 793 1328 ed
819 1262 1031 1349 corporalium
1054 1264 1241 1331 diverticula

287 1365 475 1452 fugiendum
486 1379 543 1433 est.
575 1366 673 1432 Unde
689 1365 855 1451 pauciores
866 1366 936 1431 illos
950 1367 1047 1432 credo
1058 1390 1239 1453 peragrame

287 1467 500 1554 philosophos,
522 1468 577 1554 qui
598 1479 723 1534 ueturae
745 1466 876 1532 arbitrio
898 1466 1162 1533 mathematicum
1186 1491 1241 1555 per

288 1568 397 1634 omnia
424 1583 610 1657 coaequaut:
647 1567 816 1654 opinantes
843 1568 877 1631 in
906 1566 976 1632 aliis
1005 1566 1145 1634 inveniri
1171 1568 1238 1634 herc

287 1693 407 1755 genera
417 1672 750 1758 medicamentorum,
758 1689 832 1755 quae
846 1667 879 1732 in
896 1668 1092 1754 corporibus,
1102 1680 1137 1735 et
1151 1672 1239 1757 spiri·

287 1771 375 1838 tibus
388 1772 557 1839 manifeste
571 1783 657 1838 sunt.
695 1770 816 1837 Omnia
829 1790 907 1854 ergo
919 1791 1039 1854 genera
1052 1773 1238 1859 speciesque

287 1874 547 1951 substantiarum,
567 1886 601 1939 et
619 1872 821 1960 qualitatum,
836 1870 1047 1959 aliorumque,
1066 1873 1173 1959 primo
1192 1875 1239 1939 in·

286 1987 404 2060 gerunt
425 1975 692 2062 praedicamento:
722 1974 875 2061 quoniam
893 1974 1091 2060 appositione
1112 1976 1239 2060 generis

287 2075 404 2162 speciei
418 2076 532 2163 primae
552 2076 665 2142 satisfit
678 2076 859 2162 quaestioni,
874 2076 907 2142 id
930 2090 989 2159 est,
1002 2076 1183 2143 declaratur
1196 2079 1237 2142 de

286 2177 394 2264 aliquo
405 2177 483 2265 quid
492 2179 595 2263 ipsum
605 2177 655 2245 sit.
686 2178 815 2244 Deinde
825 2200 883 2264 pro
892 2200 1012 2263 genere
1022 2179 1236 2266 quaestionum

285 2280 452 2368 sequentia
481 2279 663 2365 disponunt.
718 2281 792 2346 Hoc
826 2281 958 2368 quidem
992 2282 1034 2347 ab
1066 2282 1237 2348 Aristotele

286 2382 412 2448 videtur
439 2381 599 2448 alienum:
633 2382 678 2448 uit
707 2382 814 2448 enim:
850 2383 1056 2449 menifestum
1084 2385 1236 2473 quoniam

285 2484 439 2573 quicquid
460 2495 520 2566 est,
540 2483 698 2569 siguificat
719 2485 911 2573 quaudoque
934 2485 1066 2573 quidem
1093 2488 1237 2554 substan-

284 2587 375 2665 tium,
387 2587 579 2676 quaudoque
589 2596 697 2652 eutem
708 2587 815 2672 quale,
825 2587 1017 2674 quaudoque
1028 2587 1153 2676 aliquid
1163 2588 1238 2654 alic

287 2713 357 2757 rum
373 2690 712 2778 predicamentorum:
735 2712 811 2756 nam
826 2691 955 2777 quando
973 2690 1078 2776 posito
1096 2692 1236 2770 bomine,

285 2796 403 2863 dixerit
420 2797 525 2882 ipsum
547 2794 710 2860 hominem
730 2816 810 2872 esse,
826 2794 878 2860 rel
899 2793 1030 2876 animal,
1044 2806 1079 2861 et
1097 2798 1239 2884 quidest

284 2898 373 2979 dicit,
388 2909 422 2965 et
440 2897 648 2964 substantiam
670 2896 837 2982 siguificat.
882 2896 1023 2973 Quando
1040 2921 1117 2965 vero
1137 2900 1236 2987 posito

285 3001 359 3068 albo
380 3001 497 3082 colore,
515 3000 602 3088 quod
621 2999 761 3085 positum
781 3010 840 3078 est,
860 3000 977 3068 dixerit
995 3002 1139 3068 colorem
1159 3025 1236 3082 esse,

284 3106 363 3192 quid
377 3117 436 3183 est,
451 3104 539 3179 dicit,
557 3114 591 3169 et
604 3102 710 3190 quale,
721 3102 889 3188 signifieat.
920 3103 973 3169 Sic
988 3104 1093 3190 posita
1107 3105 1237 3172 cubitali

285 3207 515 3292 magnitudine,
530 3205 558 3270 si
571 3204 687 3270 dixerit
701 3227 774 3270 eum
791 3227 861 3270 esse
875 3205 1145 3289 magnitudinem,
1160 3206 1236 3295 quid

282 3320 342 3386 est,
356 3309 445 3386 dicit,
460 3320 494 3373 et
512 3318 668 3394 quantum
687 3307 853 3393 significet
899 3306 1056 3372 Similiter
1074 3321 1186 3374 eutem
1204 3319 1237 3374 et

282 3407 315 3469 in
337 3407 425 3473 aliis:
457 3409 707 3494 unumquodque
732 3408 820 3474 euim
842 3406 967 3489 talium,
988 3408 1055 3474 sive
1081 3408 1169 3474 idem
1196 3409 1236 3474 de

281 3507 396 3571 eodem
411 3506 546 3583 dicatur,
561 3508 628 3572 sive
642 3531 755 3592 genus,
767 3510 809 3575 de
825 3511 895 3586 boc,
907 3508 987 3597 quid
1001 3522 1051 3574 est
1062 3510 1234 3595 significet:

281 3608 411 3693 quondo
433 3619 541 3672 eutem
564 3608 606 3672 de
630 3609 705 3690 ulio,
726 3633 790 3677 non
814 3611 963 3699 quidest
987 3610 1161 3697 significet,
1181 3609 1236 3676 sed

281 3725 449 3797 quantum,
461 3722 518 3775 aut
531 3710 636 3797 quale,
647 3723 704 3776 aut
716 3713 840 3801 aliquid
850 3713 986 3780 eliorum
1002 3713 1233 3800 praedioameu·

281 3822 397 3877 torum.
444 3813 604 3899 Equidem
620 3836 685 3878 non
704 3814 758 3879 bic
773 3816 900 3882 videtur
918 3827 1031 3881 auctor
1046 3816 1237 3903 exprimere,

278 3913 366 4000 quod
388 3914 421 3979 in
444 3914 557 3980 eodem
577 3915 838 4000 praedicamento,
854 3917 914 3982 etsi
936 3917 1080 3983 eundem
1102 3918 1233 3983 modum

279 4016 420 4083 bubcant
444 4017 650 4104 praedicendi,
677 4018 741 4082 sint
769 4018 877 4084 omnia
905 4041 1035 4103 genera,
1062 4034 1120 4087 aut
1151 4017 1236 4107 quod

279 4139 393 4184 norem
407 4141 527 4206 genere
545 4119 791 4184 occidentalium
809 4143 916 4185 rerum
938 4142 1003 4185 non
1019 4122 1235 4207 predicentur

277 4219 318 4283 de
333 4221 526 4300 substantiis,
540 4230 596 4284 aut
610 4219 697 4304 quod
711 4220 827 4285 eodem
847 4222 945 4287 modo
959 4224 1180 4308 praedicentur
1192 4223 1231 4287 de

276 4319 437 4404 subjectis,
453 4320 541 4385 etde
557 4317 803 4385 contentiosnis.
844 4321 996 4400 Isidorus,
1015 4323 1185 4402 Alcuinus,
1199 4335 1232 4388 et

276 4417 407 4500 quidam
423 4420 476 4486 alii
492 4417 682 4502 sapientum,
698 4419 807 4484 omniu
825 4419 888 4486 alia
902 4421 943 4487 de
958 4422 1072 4509 primis
1086 4426 1232 4491 substan·
