2992 5592
290 781 426 862 cmxc]
657 795 894 843 xaraiuorcus.
1193 790 1232 848 31

287 949 381 1014 Graeci
403 971 476 1014 eam
503 945 616 1029 μέθοδον
636 946 760 1026 dicunt,
782 949 874 1033 quasi
897 949 1162 1035 compendiariam
1185 976 1234 1016 ra·
1259 997 1268 1011 .

285 1049 713 1138 tionem,quaenaturaevitet
723 1049 936 1136 dispendium,
944 1064 976 1116 et
985 1053 1234 1120 amfractuosum

282 1150 341 1236 ejus
354 1153 531 1219 circuitum
555 1151 686 1237 dirigat,
703 1165 739 1217 ut
762 1152 850 1239 quod
865 1152 934 1217 fieri
956 1154 1098 1241 expedit,
1119 1158 1236 1222 rectius

282 1267 309 1318 et
327 1254 456 1319 facilius
479 1255 549 1318 fiat.
595 1256 721 1317 Natura
742 1253 840 1331 enim,
862 1256 1007 1341 quamvis
1034 1256 1151 1337 vivida,
1173 1260 1234 1323 nisi

280 1356 455 1435 erudiatur,
480 1355 523 1420 ad
538 1354 617 1420 artis
639 1353 821 1420 facilitatem
848 1380 910 1420 non
938 1359 1094 1445 pervenit,
1114 1361 1231 1424 artium

282 1469 379 1522 tamen
396 1457 544 1522 omnium
565 1478 680 1542 parens
702 1469 762 1534 est,
777 1456 897 1543 eisque,
920 1480 987 1543 quo
1008 1458 1187 1544 proficiant,
1201 1473 1233 1524 et

282 1560 496 1645 perficiantur,
512 1558 569 1622 dat
585 1557 776 1623 nutriculam
793 1559 958 1623 rationem.
1003 1561 1136 1625 Excitat
1151 1562 1232 1624 enim

281 1663 380 1747 prinu
392 1660 560 1748 ingenium
574 1659 613 1723 ad
631 1683 681 1723 res
692 1659 817 1745 aliquas
828 1659 1062 1747 percipiendas:
1087 1675 1118 1725 et
1135 1685 1233 1747 quum

280 1787 328 1828 ess
341 1762 533 1850 perceperit,
555 1761 689 1849 deponit
710 1761 803 1845 quasi
826 1760 857 1824 in
875 1760 1020 1825 custodia
1036 1775 1069 1826 et
1085 1761 1235 1828 thesauro

280 1867 457 1932 mmmm:
483 1865 566 1929 ratio
581 1886 657 1928 vero
672 1885 747 1950 quae
764 1876 923 1948 percepta,
938 1876 970 1927 et
982 1864 1233 1929 commendanda

280 1967 324 2031 rel
338 1965 562 2031 commendata
578 1978 664 2041 sunt,
680 1963 789 2029 studio
800 1963 946 2050 diligenti
962 1964 1132 2043 examinat,
1146 1977 1179 2030 et
1193 1990 1232 2031 ex

278 2084 387 2137 natura
402 2070 617 2154 singulorum,
632 2069 672 2134 de
691 2066 827 2154 singulis
846 2068 919 2149 (nisi
943 2069 1026 2134 forte
1046 2069 1175 2136 labatur
1197 2072 1229 2137 in

276 2173 405 2262 aliqum)
437 2195 550 2237 verum
580 2171 714 2259 profert,
747 2170 1034 2259 incorruptumque
1059 2172 1231 2258 judicium.

278 2276 356 2340 Hoec
371 2276 434 2341 tria
450 2273 594 2362 quidem,
609 2273 700 2360 quasi
716 2273 857 2338 omnium
873 2273 990 2338 artium
1011 2273 1230 2354 fundamenta,

277 2375 853 2462 etinstrumenta,naturapraemittit.
878 2377 938 2439 Est
948 2388 1056 2439 autem
1067 2377 1229 2461 ingenium

277 2485 325 2564 (ut
354 2480 486 2545 Isidoro
512 2477 630 2565 placet)
660 2478 707 2541 vis
732 2476 878 2564 quaedam
906 2477 1011 2541 animo
1041 2478 1231 2544 naturaliter

276 2581 377 2658 insita,
402 2602 461 2667 per
477 2602 510 2643 se
527 2577 643 2642 valens.
692 2580 765 2641 Hoc
784 2590 890 2642 autem
909 2580 1088 2666 exprimere
1103 2581 1231 2645 videtur

275 2679 332 2746 ista
358 2679 547 2766 descriptio,
573 2678 660 2764 quod
691 2692 807 2743 natura
836 2680 942 2743 animo
972 2680 1037 2743 vim
1069 2680 1229 2765 quandam

275 2781 402 2861 indidit,
424 2802 503 2866 quae
533 2793 590 2843 aut
618 2778 801 2865 primitivus
827 2791 933 2843 motus
955 2779 1069 2844 animae
1091 2794 1150 2857 est,
1174 2793 1232 2847 aut

274 2894 393 2947 motum
420 2880 543 2946 excitat
565 2879 777 2967 primitivum,
799 2904 894 2966 quem
918 2881 1024 2944 anima
1045 2896 1170 2947 exercet
1195 2883 1227 2946 in

275 3007 379 3049 rerum
394 2980 650 3070 investigatione.
689 2983 787 3047 Unde
798 2995 830 3046 et
846 3005 902 3070 per
918 2982 1088 3061 sedicitur,
1107 2984 1229 3060 Valens,

275 3084 414 3171 eoquod
430 3084 549 3150 nullius
559 3083 769 3171 praecedentis
779 3105 871 3168 opem
885 3096 1061 3166 exspectat,
1072 3098 1104 3145 et
1120 3104 1229 3145 omnes

277 3184 440 3269 praereuit,
461 3197 492 3249 et
510 3185 605 3272 juvat
629 3184 877 3268 subsequentes:
900 3179 1052 3264 praecedit
1076 3180 1158 3243 enim
1182 3181 1229 3246 iu·

278 3285 444 3369 vestigatio
451 3286 773 3374 comprehensionem,
789 3281 1064 3360 examinationem,
1079 3296 1110 3348 et
1123 3297 1229 3350 custo·

279 3384 362 3451 diam
393 3384 530 3453 omnium
563 3386 776 3452 sciendorum.
823 3382 939 3468 ltaque
969 3382 1181 3470 proficiscitur
1210 3412 1229 3453 a

278 3503 412 3564 natura;
437 3489 696 3575 studiojuvatur,
712 3500 743 3552 et
756 3484 923 3551 exercitio:
949 3501 986 3553 ut
998 3488 1085 3575 quod
1100 3489 1228 3556 difficile

275 3589 374 3657 fuerat
386 3590 419 3658 in
430 3594 535 3679 prima
547 3590 728 3673 agitatione,
741 3592 782 3651 ab
793 3585 979 3653 assiduitate
990 3611 1065 3655 usus
1075 3591 1229 3657 reddatur

276 3692 416 3773 facilius3
439 3707 471 3759 et
488 3715 588 3779 quum
601 3690 730 3777 regulas
744 3689 805 3753 huc
817 3687 954 3754 faciendi
970 3691 1227 3778 deprehenderit,

273 3790 336 3872 fiat,
350 3792 414 3856 nisi
430 3789 653 3855 desuetudinis
673 3804 705 3855 et
728 3790 933 3876 negligentiae
955 3804 1063 3880 torpor
1083 3796 1229 3874 obsistat,

273 3891 472 3960 facillimum.
516 3894 561 3956 Et
571 3893 638 3957 haec
648 3892 778 3979 quidem
790 3908 836 3958 est
847 3893 988 3958 omnium
999 3897 1089 3982 origo
1099 3898 1228 3979 artium,

273 4007 307 4060 ut
322 4018 426 4082 quum
443 4007 562 4059 natura
577 3995 751 4081 perjacens,
768 4017 863 4058 usum
880 4008 912 4061 et
927 3999 1112 4064 exercitium
1129 4000 1228 4064 studii

271 4098 405 4184 peperit,
432 4121 511 4162 usus
531 4109 562 4161 et
582 4098 768 4163 exercitatio
789 4094 912 4173 artem;
936 4123 988 4165 ars
1006 4118 1126 4175 autem,
1147 4123 1228 4176 eam,

269 4198 307 4265 de
321 4225 389 4290 qua
404 4222 494 4265 nunc
510 4199 629 4283 agitur,
650 4199 846 4266 facultatem.
892 4202 984 4266 Valet
999 4202 1109 4285 itaque
1125 4220 1181 4283 per
1197 4222 1229 4261 se

269 4303 449 4391 ingenium,
471 4301 668 4384 exercitatio,
689 4326 729 4367 ex
751 4326 811 4368 usu
835 4305 877 4369 ab
898 4316 1036 4386 utroque
1054 4301 1227 4374 memoria;

266 4421 294 4472 et
305 4412 345 4475 ab
355 4410 410 4473 his
421 4406 523 4469 etiam
532 4403 601 4487 ipsa
610 4405 691 4470 ratio
700 4405 900 4478 convalescit,
912 4418 1061 4485 artesque
1071 4398 1230 4483 producit,
