2992 5592
268 798 332 856 aot
525 804 662 849 mansis
678 803 956 847 sanssaaarassrs

268 962 409 1024 lentibus
434 960 606 1020 reluctatus
631 969 698 1018 est:
732 953 788 1017 sed
814 956 930 1019 electio
960 953 1072 1016 divina
1102 966 1215 1017 tantum

265 1061 441 1147 praevaluit,
472 1070 508 1119 ut
537 1057 692 1119 suadente
728 1069 762 1119 ct
792 1057 966 1119 inducente
1003 1069 1035 1118 et
1069 1056 1218 1120 instanter

266 1168 397 1241 urgente
420 1158 592 1220 venerabili
617 1157 682 1218 ciro
709 1157 854 1218 Henrico
881 1156 1012 1233 Pisano,
1034 1159 1216 1240 presbytero

267 1259 432 1335 cardinali,
454 1269 487 1321 et
508 1255 594 1320 sedis
616 1259 801 1341 apostolicae
823 1258 939 1338 legato,
959 1257 1121 1320 desiderio
1143 1257 1219 1339 regis

265 1359 486 1443 acquiesceret
514 1369 547 1419 et
575 1358 719 1420 consiliis
748 1357 934 1419 amicorum.
989 1359 1110 1420 Maluit
1137 1359 1215 1420 enirn

268 1461 442 1545 periclitari
458 1460 544 1542 apud
565 1481 682 1539 regem,
697 1482 794 1544 qnam
816 1458 1050 1522 desolationem
1070 1461 1219 1536 ecclesiae,

269 1583 342 1647 quae
366 1562 473 1623 multis
496 1560 682 1645 subjacebat
704 1560 864 1643 periculis,
885 1560 1019 1621 ulterius
1046 1562 1220 1643 prorogari:

270 1662 401 1726 firmiter
429 1663 464 1724 in
490 1662 596 1724 animo
624 1682 682 1724 suo
709 1671 862 1734 statuens,
886 1670 941 1722 aut
965 1681 1038 1722 eam
1063 1661 1104 1724 de
1128 1674 1220 1725 tanta

272 1763 429 1826 servitutis
444 1762 570 1825 miseria
584 1761 730 1836 liberare,
745 1772 801 1822 aut
815 1760 857 1823 ad
875 1760 1089 1825 imitationem
1105 1763 1220 1826 Christi

272 1865 408 1926 animaru
425 1884 543 1944 ponere
560 1883 616 1944 pro
632 1862 745 1924 ovibus
762 1862 836 1924 suis.
882 1862 1030 1925 Potestas
1045 1865 1129 1926 enirn
1146 1866 1222 1947 pub

273 1967 346 2039 lica,
363 1964 509 2027 ecclesia
525 1963 724 2045 privilegium
742 1963 901 2038 auferens,
916 1983 1030 2025 causas
1045 1963 1222 2028 indifferen-

274 2079 320 2129 ter
341 2065 588 2142 ecclesiasticas,
614 2065 698 2128 sicut
721 2063 909 2139 mundanas,
927 2063 969 2125 ad
988 2085 1081 2127 suum
1098 2087 1221 2128 revoca·

273 2167 329 2228 bat
353 2187 509 2229 examen:
543 2176 576 2230 et
599 2166 860 2242 conculcabatur,
887 2174 921 2226 ut
947 2166 1100 2248 populus,
1121 2166 1167 2230 sic
1192 2176 1223 2228 et

275 2267 436 2331 sacerdos.

315 2368 404 2447 Ergo
420 2386 515 2449 quem
537 2367 626 2429 Deus
642 2367 704 2429 sibi
722 2367 930 2450 praeelegerat
952 2369 1128 2432 antistitem
1143 2370 1221 2434 sutu-

272 2489 340 2531 rum
362 2481 394 2530 et
414 2478 594 2551 martyrem,
613 2469 690 2531 licet
709 2469 839 2552 quidam
859 2471 1045 2532 aemulorum
1065 2472 1099 2533 in
1117 2473 1222 2556 primis

273 2567 506 2654 promotionem
528 2567 607 2652 ejus,
632 2581 743 2631 contra
766 2567 884 2630 divinae
907 2569 1130 2652 dispositionis
1152 2593 1223 2634 con·

273 2671 391 2749 silium,
405 2669 560 2753 impedire
583 2670 689 2733 eonati
713 2671 789 2744 sint,
805 2671 997 2733 unanimiter
1018 2671 1059 2734 ab
1080 2674 1223 2736 omnibus

273 2775 468 2838 electusest.

317 2875 532 2938 Consecratns
547 2882 652 2936 autem
668 2874 773 2938 statim
789 2887 927 2937 veterem
946 2875 1038 2938 exuit
1052 2875 1222 2953 hominem,

274 2975 415 3040 cilicium
445 2985 478 3036 et
503 2974 696 3036 monachum
724 2974 844 3036 induit:
877 2996 1005 3038 earnem
1033 2975 1221 3058 crucifigens

274 3099 348 3141 cum
371 3076 455 3139 vitiis
478 3086 511 3139 et
535 3077 804 3158 concupiscentiis
826 3077 902 3139 suis.
947 3078 1109 3141 Recolens
1131 3079 1223 3142 etiam

274 3198 371 3262 quam
388 3189 572 3259 susceperat
583 3174 726 3240 doctoris
741 3188 772 3240 et
787 3179 923 3260 pastoris
938 3181 1095 3243 officinm:
1113 3181 1224 3264 praedi·

274 3279 411 3343 cationis
425 3300 542 3341 munus
557 3278 732 3361 implebat:
756 3280 911 3363 quicquid
934 3283 1086 3365 temporis
1104 3284 1223 3344 subtra-

273 3381 349 3444 here
371 3390 494 3463 poterat
516 3380 751 3460 urgentioribus
773 3382 921 3462 negotiis,
942 3384 1077 3446 orationi
1107 3394 1140 3446 et
1161 3383 1223 3446 lec·

273 3482 355 3545 tioni
369 3481 434 3544 fere
450 3503 573 3564 semper
587 3481 788 3563 impendens.
833 3484 998 3547 Solitarius
1009 3506 1108 3566 agens
1124 3505 1224 3568 usqne

273 3583 307 3644 in
323 3583 510 3644 miraculum
530 3582 669 3645 lacrimis
691 3583 943 3660 suffundebatur,
959 3598 992 3646 et
1006 3585 1052 3648 sic
1069 3586 1103 3647 in
1119 3583 1223 3649 altaris

274 3682 457 3744 versabatur
479 3684 597 3758 officio,
612 3704 651 3746 ac
674 3684 700 3745 si
724 3685 964 3766 praesentialiter
984 3685 1018 3748 in
1043 3708 1139 3749 carne
1159 3686 1223 3767 geri

274 3793 417 3848 cerneret
431 3783 636 3845 Dominicam
652 3787 846 3865 passionem.
891 3787 1163 3851 Reverentissime
1176 3786 1222 3849 di·

274 3887 348 3948 vina
369 3894 568 3946 sacramenta
597 3885 765 3959 tractabat,
790 3898 825 3950 ut
854 3888 1044 3951 intuentium
1068 3889 1167 3952 fidem
1192 3897 1224 3951 et

272 4009 376 4051 mores
390 3986 461 4070 ipsa
475 3984 681 4047 contrectatio
703 3985 894 4051 informaret.
941 3990 1062 4052 Manus
1078 4011 1153 4053 snas
1168 4011 1223 4053 ex·

273 4090 415 4153 cutiebat
429 4089 470 4149 ab
486 4087 573 4149 omni
596 4107 738 4166 munere,
754 4101 786 4150 et
801 4111 820 4151 a
835 4088 930 4153 domo
946 4111 1003 4152 sna
1026 4090 1138 4154 sordes
1152 4112 1220 4154 ara·

272 4190 352 4253 ritiae
375 4209 503 4270 prorsus
525 4188 720 4251 eliminabat.
766 4191 845 4253 Erat
867 4211 995 4274 quoque
1018 4192 1171 4273 providus
1190 4193 1222 4254 in

273 4290 427 4366 consiliis,
443 4303 474 4350 et
488 4289 520 4350 in
536 4289 742 4352 ventilatione
767 4310 930 4353 causarum
954 4289 1093 4372 diligens
1108 4305 1141 4356 et
1154 4314 1217 4356 mo

272 4393 380 4454 destos
403 4388 538 4464 auditor,
563 4391 595 4452 in
618 4391 918 4472 interrogationibus
940 4391 1085 4455 subtilis:
1117 4394 1151 4458 in
1175 4415 1218 4457 re·
