2992 5592
422 817 481 875 lat
654 799 809 868 'mannis
825 814 1103 862 sauusaaamnsrs
1220 797 1306 872 [nm.
1324 813 1374 858 ιιι.

420 1009 525 1061 torum
549 990 646 1056 verba
672 987 845 1066 revolvere,
867 984 921 1049 sed
944 1005 1034 1047 nosse
1056 981 1119 1044 vim
1144 1003 1257 1045 aarum
1280 997 1375 1066 atque

420 1093 606 1163 sententias.

421 1256 501 1342 Cap.
517 1255 547 1316 ὅ.
573 1253 618 1316 In
632 1249 750 1332 quibus
761 1248 914 1311 consistat
926 1264 1042 1326 corpus
1053 1244 1154 1306 artis:
1177 1243 1264 1306 etde
1283 1243 1376 1329 Topi-

753 1369 861 1413 corum
878 1348 1030 1410 utilitate.

465 1479 575 1542 Anms
599 1474 822 1563 praepamticia
843 1483 1085 1557 praecesserunt,
1108 1469 1150 1534 ad
1174 1493 1273 1556 qnam
1300 1494 1376 1536 suus

420 1578 542 1665 opifex,
563 1591 596 1643 et
621 1575 715 1663 quasi
736 1573 909 1660 legislator,
932 1571 1045 1639 rudem
1067 1570 1196 1636 omnino
1219 1585 1376 1657 tyronem,

422 1681 644 1756 irreverenter,
668 1691 701 1743 et
728 1692 767 1744 ut
795 1677 859 1742 dici
887 1674 977 1750 solet,
1002 1671 1100 1739 illotis
1129 1672 1288 1750 manibus,
1314 1698 1375 1739 non

420 1782 544 1847 censuit
567 1780 814 1846 admittendum.
859 1778 949 1843 Sicut
972 1775 1054 1841 enim
1080 1773 1113 1840 in
1139 1789 1208 1841 arte
1234 1776 1376 1852 militari,

422 1886 717 1958 instrumentorum,
732 1882 854 1968 quibus
867 1902 918 1945 res
933 1878 1079 1942 militaris
1096 1878 1279 1958 instruitur,
1295 1902 1375 1966 prae-

421 1984 557 2072 paratio,
572 1984 724 2071 praecedit
748 1996 868 2049 artem:
899 1979 943 2046 sic
959 1981 1056 2067 hujus
1079 1982 1158 2045 sacri
1181 1979 1377 2047 adeuntibus

420 2089 558 2162 cultum,
583 2085 733 2173 quaedam
761 2084 916 2150 elementa
945 2082 1197 2168 praemittuntur,
1221 2095 1255 2148 et
1280 2085 1376 2170 quasi

420 2187 632 2251 instrumenta
646 2199 809 2272 tyronum,
823 2207 962 2272 quorum
979 2207 1040 2249 usu
1066 2183 1319 2270 compendiosius
1333 2185 1375 2251 ad

420 2289 527 2375 ipsum
542 2310 659 2373 corpus
669 2288 747 2352 artis
762 2288 925 2367 accedant,
936 2300 968 2353 at
980 2286 1187 2365 commodius,
1198 2287 1288 2373 quod
1305 2311 1377 2372 pro-

421 2391 564 2466 fitentur,
591 2403 769 2454 exerceant.
814 2388 994 2454 Utilissima
1020 2388 1150 2475 quidem
1176 2403 1266 2466 sunt,
1291 2405 1323 2454 et
1349 2391 1375 2453 si

421 2515 483 2556 non
499 2492 575 2556 satis
599 2490 727 2577 proprie
742 2490 892 2556 dicantur
906 2514 973 2557 esse
987 2491 1028 2557 de
1042 2505 1123 2567 arte,
1138 2490 1215 2560 satis
1231 2514 1304 2555 vere
1326 2491 1375 2556 di·

419 2607 538 2660 cuutur
552 2617 619 2658 esse
635 2591 676 2656 ad
691 2606 803 2657 artem.
850 2595 968 2658 Parum
984 2607 1092 2659 autem
1107 2593 1206 2659 refert
1226 2597 1253 2659 si
1272 2592 1374 2679 magis

420 2695 558 2775 dicatur,
572 2718 612 2760 an
637 2695 690 2764 sic.
738 2692 848 2780 Ipsum
873 2695 983 2782 itaque
1006 2694 1246 2780 quodammodo
1260 2718 1375 2782 corpus

420 2799 498 2863 artis
512 2797 661 2862 deductis
680 2796 919 2883 praeparaticiis,
933 2797 1151 2883 principaliter
1174 2798 1318 2863 consistit
1341 2798 1372 2862 in

420 2899 544 2974 tribus3
576 2898 694 2963 scilicet
716 2896 926 2986 Topicorum,
942 2899 1198 2983 Analyticorum,
1219 2899 1376 2965 Elencho

419 3024 559 3090 rumque
575 3000 706 3066 notitia:
737 3000 787 3064 bis
801 3002 885 3065 euim
901 3000 1039 3086 perfecte
1054 3001 1201 3087 cognitis,
1214 3015 1248 3067 et
1263 3001 1373 3067 habitu

420 3125 533 3168 eorum
554 3124 720 3189 perunum
741 3114 775 3166 et
794 3102 980 3169 exercitium
1000 3100 1169 3182 roboratis,
1183 3103 1374 3169 inventionis

418 3220 451 3271 et
471 3206 587 3293 judicii
602 3205 695 3292 copia
715 3205 944 3289 suffragabitur
962 3203 993 3269 in
1018 3205 1104 3271 omni
1127 3204 1294 3284 facultate,
1310 3220 1372 3272 tam

420 3307 678 3384 demonstratori,
700 3330 799 3393 qnam
823 3306 1009 3380 Dialectico,
1032 3320 1065 3372 et
1087 3307 1251 3393 sophistae.
1296 3311 1372 3374 Por·

420 3429 458 3471 ro
472 3407 504 3470 in
523 3408 573 3471 bis
596 3409 735 3474 maxime
759 3406 932 3475 necessaria
954 3424 1011 3482 est,
1026 3414 1188 3496 praecipue
1203 3411 1375 3497 probabili·

419 3520 518 3572 tatem
530 3510 736 3586 sectantibus,
746 3511 878 3576 scientia
889 3510 1094 3597 Topicorum,
1104 3535 1180 3599 qum
1191 3514 1253 3579 etsi
1264 3515 1371 3582 inven-

418 3609 535 3673 tionem
544 3609 762 3695 principaliter
771 3609 919 3688 instruat,
926 3612 1058 3698 judiciis
1068 3627 1173 3683 tamen
1183 3638 1246 3680 non
1256 3618 1372 3685 medio-

417 3710 513 3774 criter
533 3710 736 3796 suffragatur.
784 3714 828 3778 Et
850 3716 1007 3800 quamvis,
1023 3739 1063 3781 ex
1082 3717 1233 3803 opinione
1254 3719 1369 3785 multo·

416 3834 501 3889 rum,
516 3811 682 3877 dialectico
704 3827 736 3878 et
759 3816 877 3880 oratori
902 3817 1121 3903 principaliter
1143 3818 1252 3897 faciat,
1269 3822 1367 3904 ipsam

416 3913 483 3978 fere
498 3912 666 4003 aequaliter
680 3916 832 4002 proficere
855 3919 994 3984 arbitror
1008 3919 1058 3997 iis,
1073 3921 1131 4006 qui
1147 3938 1316 3989 versantur
1338 3923 1368 3989 iu

415 4015 574 4103 gravitate
602 4012 877 4097 demonstratoris,
903 4034 960 4085 aut
990 4022 1021 4084 in
1047 4021 1185 4103 fallacia,
1210 4036 1244 4091 et
1272 4045 1370 4109 agone

416 4117 600 4205 sophistico.
647 4118 811 4205 Siquidem
836 4120 897 4186 sibi
921 4120 1055 4185 invicem
1082 4121 1234 4190 universa
1255 4124 1369 4191 contri-

414 4220 533 4300 buunt,
547 4241 651 4306 eoque
665 4220 698 4285 in
717 4223 880 4308 proposita
899 4221 1054 4290 facultate
1075 4225 1216 4311 quisque
1241 4226 1368 4313 expedi-

414 4323 476 4387 tior
491 4336 550 4402 est,
565 4347 632 4410 quo
647 4324 679 4387 in
696 4323 798 4389 vicina
812 4338 843 4389 et
863 4325 1041 4391 cohaerente
1056 4326 1245 4393 instructior
1260 4330 1365 4399 fuerit.

415 4425 504 4508 Ergo
528 4439 559 4490 et
586 4443 648 4491 tam
677 4427 852 4512 Analytice,
877 4449 971 4514 qrram
999 4428 1171 4512 sophistica
1196 4433 1363 4498 conferunt
