2992 5592
284 821 343 881 rat
538 828 674 873 soannrs
690 825 970 871 ssssssumsssrs
1090 807 1174 886 [ars.
1193 826 1231 867 ιν.

283 988 372 1050 Deus
402 1000 634 1066 usquequaque
664 976 874 1040 immutabilis
896 989 966 1040 est:
1006 973 1132 1061 reliqua
1161 976 1234 1049 duo,

281 1080 520 1170 quodammodo
534 1075 720 1154 immobilia,
736 1076 791 1138 sed
807 1075 839 1138 in
861 1076 1027 1141 effectibus
1041 1076 1084 1139 ab
1104 1076 1233 1138 invicem

282 1186 453 1250 variantur.
502 1182 671 1244 Materiam
688 1178 808 1264 quippe
823 1178 1027 1242 advenientes
1050 1179 1163 1241 formae
1178 1178 1237 1241 dis-

282 1299 416 1374 ponunt,
439 1298 471 1348 et
496 1281 732 1369 quodammodo
756 1281 857 1344 motui
882 1279 1023 1344 reddunt
1046 1280 1235 1344 obnoxiam:

284 1405 316 1455 et
342 1390 417 1453 item
448 1388 558 1450 formae
589 1384 729 1448 materiei
761 1395 919 1455 contactu,
948 1383 1089 1467 quadarn
1120 1383 1238 1445 ratione

285 1491 461 1562 variantur,
477 1499 520 1562 et,
538 1498 575 1549 ut
589 1486 634 1550 ait
660 1485 815 1548 Boethius
838 1485 870 1546 in
889 1483 1122 1557 Arithmeticis,
1137 1485 1169 1547 in
1193 1484 1237 1545 in·

286 1584 510 1654 terreatibilem
528 1597 692 1648 transeunt
707 1582 961 1646 inconstantiam.
1004 1581 1110 1646 ldaeas
1127 1596 1240 1656 tamen,

288 1713 367 1777 quas
393 1703 465 1774 post
497 1690 600 1750 Deum
629 1685 747 1770 primas
773 1683 924 1747 essentias
955 1682 1058 1768 ponit,
1084 1699 1179 1767 negat
1207 1683 1238 1745 iu

288 1792 399 1877 seipsis
413 1788 554 1853 materiae
566 1786 742 1864 admisceri,
754 1799 810 1849 aut
825 1786 965 1871 aliquem
981 1787 1087 1850 sortiri
1103 1796 1237 1850 motum:

289 1894 399 1959 sedes
416 1892 465 1955 his
487 1890 599 1953 formae
620 1888 779 1974 prodeunt
804 1889 933 1965 nativae,
949 1888 1067 1952 scilicet
1089 1888 1239 1971 imagines

290 1992 533 2079 exemplarium,
549 2013 629 2076 quas
644 2003 760 2054 natura
782 1990 876 2053 rebus
898 1990 1030 2075 singulis
1050 1990 1239 2053 concreavit.

292 2094 379 2159 Hinc
395 2093 426 2156 in
443 2092 523 2156 libro
538 2092 578 2154 de
595 2091 756 2154 Trinitate
781 2091 952 2156 Boethius:
982 2094 1038 2156 Ex
1052 2092 1240 2173 lrr'sformr's‚

291 2217 367 2280 quae
375 2201 500 2278 praerer
511 2196 677 2256 materiam
688 2201 775 2267 aurat,
787 2196 979 2275 illasorrnae
991 2202 1159 2270 venerunt,
1170 2211 1243 2273 (μαι

291 2301 328 2362 in
345 2297 481 2360 materia
494 2303 583 2368 sunt,
599 2303 630 2356 et
644 2315 759 2377 eorpus
774 2297 924 2382 effitiunt.
970 2293 1151 2358 Bernardns
1166 2317 1244 2378 quo·

292 2421 354 2484 que
365 2398 581 2470 Carnutensis,
594 2395 845 2481 perfectissimus
857 2396 941 2461 inter
956 2396 1136 2460 Platonicos
1148 2395 1242 2458 seculi

292 2498 403 2579 nostri,
418 2499 499 2562 hanc
514 2498 580 2560 fere
595 2502 783 2562 sententiam
800 2512 902 2563 metro
916 2502 1102 2583 complexus
1117 2512 1186 2564 est:

364 2639 424 2692 Non
437 2639 495 2691 dico
507 2655 564 2690 esse
576 2638 644 2706 quod
657 2644 706 2703 est,
719 2640 825 2705 gemina
837 2639 906 2707 qnod
918 2645 992 2709 parts
1003 2644 1120 2690 emotum

398 2724 522 2777 Materiae
532 2721 644 2775 formam
654 2723 768 2776 continet
780 2723 948 2794 implicitam:

364 2810 416 2863 Sed
429 2809 487 2861 dico
499 2825 559 2860 esse
571 2808 640 2876 quod
653 2813 702 2871 est,
714 2826 767 2860 una
779 2809 848 2877 quod
860 2815 962 2861 coastat
974 2826 1078 2861 earum:

365 2958 369 2964 Ι
402 2895 461 2946 Hoc
474 2898 548 2944 vocat
561 2893 654 2956 idean,
666 2891 730 2944 iilud
743 2893 850 2946 Acheus
862 2901 889 2945 et
901 2896 970 2952 ὕλην.

298 3017 344 3080 Et
366 3015 438 3080 iicet
462 3014 560 3079 Stoici
576 3012 738 3078 materiam
754 3025 787 3077 et
801 3012 918 3090 ideam,
935 3015 1006 3077 Deo
1019 3013 1184 3079 crederent
1198 3037 1247 3077 oo·

297 3129 469 3189 eternam
493 3115 546 3178 alii
560 3137 645 3190 vero,
656 3137 727 3179 curn
741 3115 883 3200 Epicuro
894 3114 1130 3200 providentiam
1140 3137 1248 3180 evacu-

296 3233 382 3298 ante,
393 3218 494 3282 ideam
511 3216 640 3280 omuino
655 3215 818 3282 tollerent:
841 3215 911 3292 iste,
922 3240 995 3281 cnm
1007 3216 1138 3304 illisqui
1151 3219 1249 3305 philo

298 3320 485 3405 sopiantur,
497 3321 569 3382 Deo
578 3332 721 3382 neutram
731 3318 856 3384 dicebat
868 3332 1066 3384 coaeternam.
1101 3321 1249 3409 Acquies·

296 3421 388 3485 cebat
403 3420 485 3484 enim
510 3421 668 3503 patribus,
684 3422 751 3506 qui,
766 3422 848 3486 sicut
866 3422 1069 3508 Augustinus
1089 3425 1179 3488 testis
1193 3437 1249 3498 est.

297 3521 433 3606 probant
450 3520 527 3603 quia
544 3521 633 3583 Deus
647 3534 706 3599 est,
722 3523 777 3607 qui
793 3526 899 3586 omnia
912 3524 987 3589 fecit
1005 3523 1047 3588 de
1061 3525 1173 3605 nihilo,
1187 3547 1249 3589 om·

298 3621 385 3686 nium
416 3622 535 3685 creavit
562 3622 734 3687 materiam.
783 3623 890 3688 Ideam
914 3648 989 3689 vero
1014 3639 1167 3691 aeternam
1189 3649 1252 3690 esoe

297 3720 531 3786 consentiebat:
562 3722 735 3788 admittens
749 3727 958 3790 aeternitatem
984 3728 1204 3812 providentia,
1219 3730 1249 3792 io

297 3846 362 3910 qua
387 3822 493 3886 omnia
522 3826 618 3888 semel
643 3840 675 3890 et
703 3829 797 3892 simul
824 3829 910 3904 fecit,
937 3844 1082 3895 statuens
1106 3833 1194 3916 apud
1219 3854 1251 3896 se

296 3924 539 4010 universaquae
554 3925 665 3990 tntum
687 3944 779 3994 erant
801 3933 833 3994 in
857 3944 1008 4016 tempore,
1024 3945 1081 3999 aut
1105 3957 1251 4000 mansum

296 4027 330 4091 iu
353 4027 540 4092 eternitate.
586 4028 796 4094 Coaeternitas
823 4044 930 4095 autem
954 4055 1020 4096 esse
1046 4056 1110 4097 nou
1135 4047 1251 4120 potest,

298 4129 358 4196 uisi
373 4130 408 4193 in
424 4128 484 4204 his,
500 4153 575 4215 quoe
598 4151 642 4207 se,
658 4153 715 4195 nec
738 4144 853 4198 natura
874 4135 1060 4218 majestatis,
1075 4159 1133 4200 nec
1155 4136 1252 4223 priri-

297 4233 383 4318 legio
407 4233 584 4318 potestatis,
610 4255 667 4296 nec
693 4235 882 4298 auctoritate
907 4239 1024 4320 operis,
1049 4238 1252 4303 antecedunt.

197 4387 201 4395 .
301 4335 418 4420 Itaque
440 4336 523 4400 solas
545 4352 609 4402 tres
630 4357 791 4419 personas,
813 4358 949 4421 quarum
971 4351 1020 4403 est
1042 4362 1106 4404 uua
1127 4355 1253 4416 natura,

298 4448 437 4518 potestas
463 4435 645 4520 singularis,
669 4437 811 4521 operatio
834 4437 1068 4521 inseparabilis,
1093 4442 1255 4508 fatebatur
