2992 5592
367 785 408 844 88
625 795 762 840 JOANMS
779 794 1056 838 sarrresnaursxsrs
1198 776 1281 854 [ms.
1299 795 1317 836 1.

372 948 459 1034 quod
480 945 717 1031 appellativum,
739 959 796 1009 aut
816 945 994 1029 categorica
1016 939 1188 1028 praemissis
1209 942 1322 1005 aduec-

373 1065 498 1129 tuntur,
519 1048 684 1134 adjectivae
708 1048 838 1113 virtutis
857 1047 966 1132 explet
982 1046 1133 1125 officium,
1154 1067 1229 1130 quar
1252 1045 1323 1108 sub·

373 1151 581 1216 stantivorum
615 1150 806 1218 determinat
841 1149 1039 1236 qualitatem.
1084 1152 1323 1224 Verumtamen,

374 1253 456 1317 sicut
472 1252 503 1315 in
524 1251 674 1336 operibus
695 1263 819 1314 naturae
842 1250 991 1314 subtilior
1011 1262 1058 1313 est
1079 1247 1255 1334 speculatio
1276 1271 1324 1310 eo-

375 1377 445 1419 rum
470 1375 545 1441 quoe
571 1354 693 1431 insunt,
717 1367 830 1436 utpote
853 1352 1058 1439 simplicium,
1081 1374 1179 1438 quam
1202 1373 1323 1429 eorum,

373 1479 448 1540 quae
462 1454 649 1540 compositio
665 1456 771 1518 sensui
787 1454 916 1538 ingerit,
932 1469 987 1517 aut
1009 1453 1203 1525 intellectui;
1228 1453 1272 1516 sic
1291 1453 1322 1514 in

374 1556 541 1643 adjectivis
568 1557 715 1620 secundae
741 1556 965 1640 impositionis,
993 1556 1018 1617 si
1045 1576 1106 1617 non
1134 1553 1325 1638 adjiciantur

372 1659 434 1739 his,
448 1659 567 1745 quibus
588 1658 777 1722 naturaliter
792 1656 922 1721 addicta
942 1670 1016 1720 sunt
1037 1654 1113 1741 quid
1135 1653 1324 1738 significent,

374 1758 534 1822 difficilius
549 1776 597 1822 est
613 1756 804 1841 intelligere:
823 1754 952 1819 solidior
963 1769 1008 1818 est
1022 1755 1105 1817 enim
1122 1766 1238 1816 natura
1253 1754 1325 1817 sub

374 1861 510 1939 stantiae,
530 1881 626 1944 quam
651 1860 841 1928 verborum;
874 1871 905 1920 et
928 1855 1102 1921 accidentia
1124 1856 1205 1940 ejus,
1228 1877 1323 1940 quam

374 1986 496 2038 eorum,
512 1986 586 2048 quae
602 1962 706 2024 sensui
728 1974 784 2023 aut
808 1960 984 2024 intellectui
1008 1959 1195 2023 familiarius
1217 1983 1325 2023 occur·

374 2075 461 2127 runt.
517 2062 611 2124 Adeo
633 2060 778 2146 quidem,
801 2074 835 2124 ut
864 2062 921 2145 qui
944 2061 1091 2125 secundae
1115 2061 1324 2146 impositionis

374 2165 543 2250 adjectiva,
559 2162 670 2247 primm
690 2160 900 2226 iustitutionis
922 2162 1130 2228 substantivis
1151 2163 1324 2249 applicant,

374 2279 431 2330 aut
446 2263 523 2327 nibil
540 2264 669 2327 omnino
684 2264 802 2339 dicant,
819 2277 875 2328 aut
890 2264 1058 2349 nugiloqui
1077 2263 1151 2328 sint.
1193 2264 1227 2328 Si
1242 2264 1324 2328 enim

375 2389 477 2450 aquae
488 2366 613 2430 dicatur
623 2368 878 2448 patronymicus,
887 2381 943 2430 aut
956 2368 1148 2448 hypothetici
1157 2369 1326 2445 saculares,

372 2470 526 2554 junctura
541 2466 756 2553 incompetens
774 2481 832 2548 est,
848 2467 1063 2552 praepediente
1080 2467 1209 2553 quidem
1231 2468 1325 2531 ratio-

377 2592 449 2635 uem
472 2568 670 2655 intelligendi
693 2568 860 2655 principali
884 2568 1110 2654 significatione
1135 2571 1325 2642 verborum

376 2695 437 2736 non
453 2671 562 2758 aliqua
579 2668 820 2736 discohaerentia
834 2670 1055 2735 accidentium.
1083 2675 1165 2736 Nam
1182 2670 1271 2756 quod
1286 2671 1327 2736 nd

375 2797 487 2858 genus,
503 2796 683 2852 numerum,
698 2786 730 2836 et
745 2795 853 2837 casum
877 2771 1008 2845 attinct;
1033 2773 1233 2837 substantivo
1252 2773 1327 2837 satis

374 2874 512 2938 cohaeret
527 2874 731 2960 adjectivum.
778 2873 840 2938 Sed
856 2871 1042 2958 principalia
1059 2872 1237 2959 significata
1255 2897 1327 2938 oon-

369 2975 516 3062 jungere,
540 2996 603 3038 non
630 2974 726 3040 modo
752 2974 889 3050 mentiri,
917 2975 972 3040 sed
999 2976 1095 3040 etiam
1122 2976 1239 3062 nugari
1267 2988 1323 3041 est.

378 3078 465 3142 Reus
491 3075 691 3163 Acyrologiae
715 3074 868 3161 Virgilius
896 3074 1094 3153 criminatur,
1121 3076 1228 3140 dicens
1256 3098 1327 3161 gra·

374 3176 480 3243 mineo
503 3181 533 3243 in
558 3200 681 3262 campo,
697 3200 735 3241 ao
758 3176 845 3263 quod
868 3175 1049 3261 graminoso
1072 3176 1103 3243 in
1126 3200 1239 3263 campo
1262 3177 1325 3242 dici

373 3280 536 3364 oportuit:
560 3290 592 3343 et
616 3279 709 3365 plane
731 3277 832 3362 magis
855 3300 928 3341 reus
948 3290 1040 3353 esset,
1059 3291 1091 3342 et
1112 3278 1326 3363 proculdubio

374 3384 469 3464 longe
486 3381 650 3466 nugacior,
672 3381 697 3442 si
721 3379 855 3443 dixisset
876 3385 914 3445 iu
936 3402 1048 3462 cumpo
1067 3384 1254 3462 categorico,
1278 3379 1328 3444 rel

372 3484 603 3563 patronymico.
642 3478 795 3545 Dissolvit
812 3491 918 3542 autem
936 3479 1117 3545 instantiam
1134 3504 1254 3556 eorum,
1270 3484 1329 3566 qui

375 3603 414 3645 ex
436 3579 510 3644 solis
531 3581 679 3644 nituntur
698 3579 927 3658 accidentibus,
942 3581 1204 3649 insimilitudine
1222 3587 1326 3651 cobae-

374 3680 519 3745 reutibus
537 3679 607 3759 sibi,
622 3682 757 3764 probare
773 3680 860 3765 quod
877 3704 939 3745 non
954 3684 1057 3746 omnis
1072 3706 1257 3765 consonans,
1272 3708 1326 3749 vo·

374 3779 431 3847 cali
464 3781 645 3868 subjuncta,
677 3779 840 3864 Syllabam
870 3782 956 3848 facit.
1004 3783 1169 3870 Siquidem
1198 3787 1214 3848 1
1242 3799 1274 3852 et
1298 3791 1327 3851 V

373 3896 580 3951 consonantes
595 3884 788 3969 subjuncta,
805 3905 867 3947 non
887 3885 988 3968 magis
1007 3885 1180 3970 proficiunt
1195 3887 1236 3951 ad
1258 3887 1328 3974 Syl-

374 3985 490 4062 labam,
511 4007 608 4070 quam
628 3983 785 4070 adjectiva
809 3984 956 4049 secunda
976 3985 1199 4072 impositionis,
1214 3988 1328 4074 primis

372 4084 579 4152 substantivis
590 4085 747 4171 apposita,
757 4083 798 4148 ad
811 4097 929 4148 rectam
941 4098 974 4150 et
983 4086 1198 4171 aquimodam
1208 4088 1326 4175 loquu-

372 4187 500 4253 tionem.
546 4188 678 4253 Constat
699 4185 848 4271 equidem
869 4185 936 4249 duo
956 4209 1023 4251 esse
1044 4203 1173 4272 peccata
1195 4189 1328 4277 loquen-

372 4289 473 4363 tium;
506 4289 640 4355 alterum
666 4286 867 4357 mentientis;
899 4287 1034 4351 alterum
1063 4291 1328 4372 transgredientis

371 4393 505 4477 positam
518 4389 754 4475 loquutionem:
772 4386 860 4471 quod
873 4387 914 4450 ad
927 4389 1031 4452 minus
1042 4390 1095 4454 isti
1107 4392 1327 4458 committunt.
