2992 5592
440 809 517 854 vrri
533 809 649 854 sanem
666 807 827 859 susurru.
1052 803 1115 863 339

158 960 301 1043 populus
324 958 464 1043 undique
487 962 654 1025 confluens
676 962 791 1040 iustat3
815 974 848 1028 ot
869 966 924 1029 ille
948 966 1055 1031 Deum
1077 969 1111 1032 in

160 1060 344 1145 hujusmodi
370 1062 589 1144 temptandum
620 1085 686 1126 non
717 1085 788 1128 esse
817 1067 993 1150 respondit.
1039 1070 1111 1133 Nec

157 1160 267 1226 tamen
290 1173 364 1226 ante
388 1162 568 1242 dimittitur,
599 1186 696 1248 quam
726 1165 860 1231 dextera
888 1170 1011 1233 elevata
1040 1191 1112 1234 eam

158 1264 253 1343 signo
283 1261 452 1327 salutiferae
483 1266 587 1329 crucis
616 1265 766 1347 signarit.
816 1269 889 1340 Quo
918 1270 1002 1333 sacto
1030 1271 1112 1353 fugit

158 1385 268 1448 ocyus,
285 1378 316 1428 et
331 1367 491 1429 cucullum
510 1366 679 1450 imponens
699 1367 808 1450 capiti,
823 1369 959 1434 infelicis
973 1371 1112 1434 foeminae

155 1464 257 1529 deflet
280 1487 446 1530 aerumuas.
496 1467 639 1531 Rediens
661 1469 715 1532 illa
736 1468 852 1533 domus
878 1491 944 1533 sura
969 1471 1114 1534 nondum

155 1568 337 1647 contigerat
358 1567 469 1645 limen,
489 1579 522 1631 et
540 1568 748 1651 integerrimae
769 1570 897 1633 sanitati
915 1571 1034 1635 donata
1054 1582 1114 1651 est,

154 1668 192 1729 in
208 1665 337 1730 laudern
354 1668 410 1729 viri
426 1669 491 1731 Dei
505 1667 632 1751 linguas
644 1671 787 1734 omnium
803 1670 908 1734 solvit.
938 1673 1114 1737 Revertens

154 1767 234 1831 inde
257 1768 464 1851 Lugdunum,
480 1770 605 1833 transiit
626 1771 865 1849 Matisconam3
887 1783 920 1836 et
939 1773 983 1835 ibi
1001 1783 1114 1854 rogatu

155 1869 304 1954 episcopi
320 1879 352 1932 et
366 1870 442 1932 cleri
458 1870 492 1933 in
514 1869 653 1935 ecclesia
667 1873 754 1935 beati
769 1873 933 1938 Vincentii
947 1875 1115 1937 solennem

157 1971 288 2034 missam
319 1972 497 2048 celebrans,
526 1972 752 2036 exhortatione
788 1975 922 2057 publica
957 1975 1114 2058 populum

157 2073 293 2149 monuit,
307 2082 344 2136 ut
366 2092 386 2137 a
408 2075 550 2137 Domino
573 2075 726 2156 pluviam,
742 2096 806 2158 qua
827 2077 966 2141 mundus
988 2078 1114 2158 egebat,

156 2175 310 2257 precibus
339 2175 552 2259 impetrarent.
598 2176 651 2239 Illi
679 2173 794 2241 fecisse
825 2201 860 2243 se
889 2179 952 2243 hoc
983 2178 1113 2263 saepius,

158 2276 343 2361 saepiusquc
372 2279 538 2343 frustratos
575 2300 646 2343 essa
674 2280 885 2364 respondent;
923 2293 1049 2346 orantes
1078 2290 1115 2345 ut

157 2378 366 2442 necessitates
396 2391 431 2442 ut
462 2393 534 2445 rota
563 2403 672 2445 eorum
703 2403 799 2465 prece
831 2403 890 2446 sua
917 2393 1112 2466 promoveat.

157 2477 372 2543 Celebrantur
394 2480 522 2559 diviua3
556 2497 587 2548 et
608 2505 667 2566 per
688 2482 872 2547 sacerdotes
899 2484 948 2547 sui
971 2484 1114 2547 officium

156 2580 271 2664 populi
300 2601 413 2664 preces
443 2581 586 2645 Domino
620 2585 767 2645 offerunt.
823 2583 894 2644 Nec
924 2603 1024 2658 mora,
1053 2603 1112 2664 pro

157 2681 241 2744 votis
263 2680 460 2762 singulorum
484 2693 516 2744 et
538 2681 679 2743 omnium
707 2680 888 2743 succedunt
910 2679 1048 2756 imbres3
1080 2693 1113 2743 et

153 2790 224 2844 bota
238 2781 350 2845 civitas
365 2804 399 2845 se
414 2782 448 2843 in
463 2780 627 2864 praeconia
650 2781 753 2843 sancti
768 2780 826 2842 viri
850 2779 996 2843 effundit
1033 2778 1110 2844 Per·

156 2882 289 2946 veniens
312 2893 418 2946 autem
442 2881 647 2961 Lugdunum,
663 2880 791 2963 scripsit
813 2880 928 2943 librum
952 2900 1050 2944 unum
1071 2879 1112 2944 de

154 2984 313 3062 Virginali
326 2983 496 3066 Conceptu
507 2991 539 3045 et
555 2981 694 3047 Peccato
711 2979 879 3063 Originali,
893 2990 925 3044 et
944 2981 1041 3046 alium
1058 2982 1111 3045 cui

153 3084 268 3147 titulus
283 3095 341 3157 est,
357 3081 530 3146 Meditatio
545 3082 792 3165 Redemptiouis
809 3081 982 3146 Humanae.

198 3186 288 3247 Dum
309 3185 379 3249 haec
402 3195 581 3267 agerentur,
604 3182 755 3249 Urbanus
778 3205 863 3268 papa
884 3184 1015 3247 moritur
1036 3194 1111 3248 aute

154 3287 312 3351 kalendas
334 3287 489 3370 Augusti3
520 3296 553 3350 et
578 3288 748 3350 Anselmus
769 3285 897 3370 judicio
923 3285 986 3349 Dei
1013 3286 1113 3350 solius

155 3391 337 3474 exponitur.
360 3391 405 3453 Et
419 3390 496 3453 licet
506 3390 642 3473 plurima
657 3398 829 3472 pateretur,
839 3400 872 3452 et
886 3388 931 3451 rei
945 3387 1113 3451 familiaris

154 3490 304 3574 augustia
318 3491 489 3574 plurimum
510 3489 669 3552 videretur
687 3488 810 3570 urgeri3
839 3485 990 3569 vigebant
1003 3499 1112 3552 tamen

154 3592 190 3655 in
206 3615 244 3656 eo
258 3595 333 3657 laeta
354 3614 445 3657 mens
467 3602 500 3656 et
519 3588 717 3673 pontificalis
739 3589 932 3665 auctoritas3
957 3590 1112 3673 quianon

153 3691 328 3759 deficiebat
349 3716 409 3758 nec
432 3690 599 3758 deserebat
621 3713 694 3756 eum
717 3688 883 3754 verborum
907 3691 1008 3775 ipsius
1034 3713 1111 3778 opa-

155 3818 289 3880 rumque
316 3796 517 3880 principium,
541 3794 597 3877 qui
622 3793 655 3855 in
682 3793 840 3876 principio
866 3805 934 3858 erat
958 3797 1110 3858 Verbum.

156 3898 261 3962 Multa
278 3920 405 3983 quoque
421 3897 461 3959 de
477 3896 606 3959 interitu
620 3895 703 3976 regis
715 3894 806 3978 impii
821 3895 1079 3979 praedicabantur
1093 3916 1113 3957 a

156 4001 275 4078 multis,
299 4022 370 4086 quae
392 4001 424 4062 in
448 3997 622 4061 vindictam
650 3997 794 4060 Anselmi
821 3997 1025 4059 innotuerant
1047 4008 1113 4057 tam

156 4127 198 4170 ex
219 4105 320 4187 signis
337 4103 520 4187 patentibus
543 4121 639 4184 quam
662 4121 704 4163 ex
727 4097 903 4160 visionibus
925 4096 1111 4160 manifestis.

154 4205 222 4268 Sed
237 4204 291 4265 ille
310 4203 361 4265 his
381 4201 521 4264 animum
543 4219 608 4261 non
627 4217 807 4280 opponens,
822 4216 880 4279 pro
903 4195 1113 4259 conversione

154 4314 189 4366 et
197 4304 298 4367 salute
306 4301 432 4384 tyranni
441 4299 584 4383 quotidie
594 4298 770 4361 Dominum
779 4298 979 4380 precabatur.
1002 4296 1112 4360 Tertio

156 4422 231 4464 sero
247 4422 331 4464 anno
355 4399 444 4463 exilii
467 4400 527 4477 sui,
541 4397 652 4461 habito
675 4397 838 4481 colloquio
860 4393 947 4460 beati
962 4397 1111 4478 Hugouis

599 4517 620 4560 z
635 4500 657 4559 2
