2992 5592
263 826 306 884 54
522 833 660 880 Joauurs
674 827 956 876 sanasssarsssrs
1059 807 1063 813 '
1099 807 1181 888 [sas.
1196 826 1218 870 r.

303 1070 383 1155 Cap.
399 1075 450 1132 22.
477 1068 570 1143 Quod
582 1069 777 1130 auctoritate
791 1066 925 1129 Seneca
939 1082 1037 1124 suum
1053 1067 1190 1125 taceatur

670 1189 815 1232 errorem

312 1305 439 1366 Manno
467 1314 575 1366 tamen
610 1319 645 1362 sa
674 1299 865 1365 Cornificius
896 1309 1007 1361 tuetur
1037 1296 1164 1381 judice,
1192 1307 1223 1360 et

270 1403 385 1468 erroris
406 1404 455 1466 sui
480 1406 630 1467 Senecam
654 1400 764 1465 laudat
788 1413 960 1464 auctorem.
1007 1400 1074 1476 Qui
1094 1399 1222 1484 quidem

272 1507 400 1574 duabus
420 1505 461 1568 de
483 1504 596 1582 causis,
617 1505 732 1568 merito
757 1527 776 1568 a
798 1503 948 1590 pluribus
972 1501 1223 1565 commendatur.

271 1608 400 1675 Multus
411 1608 493 1671 enim
503 1608 593 1672 estin
605 1607 700 1671 laude
712 1605 851 1684 uirtutis,
859 1626 1051 1688 morumque
1062 1603 1223 1674 doctrina:

273 1725 305 1776 et
321 1712 508 1776 commatico
528 1734 642 1797 genere
662 1710 789 1775 dicendi
813 1723 906 1773 utens
925 1707 1015 1792 quod
1038 1706 1225 1771 breviteret

273 1814 444 1889 succincte,
459 1811 631 1876 sententias
650 1811 784 1895 colligit,
798 1823 911 1874 ornatu
931 1808 1104 1875 verborum
1124 1805 1226 1892 splen·

274 1915 348 1978 det:
380 1927 417 1978 ut
440 1913 485 1978 eis
506 1913 673 1998 displicere
695 1935 756 1976 non
779 1912 891 1997 possit,
912 1910 968 1995 qui
991 1922 1049 1974 aut
1071 1909 1225 1973 virtutem

273 2027 392 2095 amant,
416 2027 473 2078 aut
496 2014 720 2100 eloquentiam.
768 2016 849 2077 Nam
874 2027 911 2078 ut
933 2033 1012 2098 pace
1037 2011 1227 2090 Quintiliani

273 2114 466 2200 loquar(qni
484 2115 527 2178 sic
543 2115 679 2179 hominis
694 2116 856 2200 ingenium
875 2115 997 2193 laudat,
1011 2127 1048 2177 ut
1065 2113 1225 2199 judicium

274 2215 393 2302 culpet,
422 2216 565 2301 dicitque
595 2240 667 2281 eum
694 2217 845 2282 dulcibus
874 2215 961 2281 vitiis
986 2215 1180 2291 abundasse,
1196 2228 1227 2278 et

275 2316 1227 2405 magisplacuissepuerisquameruditis,etsummasrerum

275 2416 496 2480 minutissimis
518 2417 683 2482 sententiis
708 2418 865 2502 frangere,
888 2417 972 2482 unde
998 2415 1072 2481 libri
1093 2418 1168 2503 ejus
1189 2416 1229 2480 ab

277 2540 342 2583 uno
366 2519 594 2604 imperatorum
625 2519 778 2605 appellati
805 2533 891 2597 sunt,
916 2540 1011 2583 arena
1039 2522 1107 2582 sine
1133 2517 1228 2597 calae)

277 2619 387 2687 nullus
410 2620 493 2685 iuter
521 2620 658 2705 gentiles
686 2621 810 2684 ethicus
838 2620 1013 2697 invenitur,
1039 2633 1097 2685 aut
1127 2641 1230 2696 rarus,

278 2726 372 2811 cujus
390 2723 504 2800 verbis,
520 2740 578 2788 aut
595 2723 770 2799 sententiis,
786 2724 817 2787 in
838 2724 923 2787 omni
944 2723 1073 2806 negotio
1094 2744 1232 2787 commo·

279 2826 353 2891 dius
368 2828 416 2892 uti
429 2827 539 2913 possis.
569 2824 618 2891 Ad
629 2826 734 2892 omnia
745 2827 840 2903 enim,
853 2849 946 2890 suuni
959 2825 1083 2911 aliquid
1097 2827 1230 2891 confert.

280 2930 385 2997 Sentit
409 2930 471 3006 hic,
495 2928 582 3017 quod
609 2926 787 3015 disciplinae
812 2927 959 2992 liberales
981 2929 1087 2993 virum
1109 2931 1230 2994 bonum

280 3055 343 3095 uon
358 3034 490 3098 faciunt.
524 3035 598 3117 Ego
613 3033 641 3095 ei
657 3033 836 3097 consentio:
860 3045 892 3098 et
908 3032 949 3098 de
964 3032 1035 3098 aliis
1050 3034 1112 3098 hoc
1125 3033 1230 3120 ipsum

281 3133 432 3198 arbitror.
471 3135 612 3200 Scientia
627 3136 709 3199 enim
726 3134 828 3212 inflat,
844 3135 898 3199 sed
914 3135 1031 3199 caritas
1046 3136 1113 3199 sola
1127 3137 1232 3201 virum

280 3237 356 3301 iacit
378 3238 508 3304 bonum.
552 3237 713 3325 Deprimit
735 3252 830 3314 artes,
846 3237 903 3302 sed
925 3250 1032 3303 tamen
1054 3262 1074 3303 a
1095 3239 1234 3327 philoso-

282 3338 360 3422 phia
374 3361 436 3402 non
453 3341 571 3424 rejicit:
596 3341 795 3426 nequeenim
813 3340 871 3403 soli
883 3340 1067 3428 philosophi
1082 3343 1158 3407 boni
1174 3341 1234 3408 riri

282 3451 369 3502 sunt.
416 3442 665 3519 Grammaticus,
688 3441 807 3525 inquit,
830 3445 916 3506 circa
941 3463 1056 3508 curam
1079 3448 1236 3510 martit

283 3548 450 3605 versatur:
476 3549 508 3607 at
521 3548 560 3604 ul
574 3544 703 3623 longius
723 3552 886 3626 evagetur,
902 3548 987 3608 cirea
1002 3548 1174 3611 historias:
1200 3559 1236 3611 ut

284 3640 464 3725 longissime
473 3643 638 3729 procedat,
647 3644 730 3706 circa
740 3646 889 3710 carmina.
922 3651 1110 3712 Hocautem
1121 3670 1236 3733 parum

285 3763 347 3810 non
363 3761 420 3816 est,
438 3744 492 3808 sed
509 3746 682 3832 plurimum
699 3746 829 3830 prodest
844 3748 884 3811 ad
902 3749 1160 3815 informationem
1177 3751 1238 3814 vir-

285 3845 376 3922 tutis,
391 3869 465 3931 quae
486 3847 560 3912 lacit
582 3848 684 3911 virum
707 3849 838 3912 bonum.
885 3850 1052 3915 Gloriatur
1070 3853 1239 3928 Horatius,

283 3971 329 4029 se,
344 3949 474 4014 virtutis
488 3973 594 4027 causa,
610 3949 757 4037 relegisse
773 3953 972 4025 Homerum

392 4083 446 4145 Qui
458 4083 519 4153 qnid
532 4084 567 4135 sit
578 4083 720 4155 pulchrum,
733 4085 794 4154 quid
806 4092 890 4156 turpe,
902 4087 964 4155 quid
975 4085 1050 4151 utile,
1062 4091 1127 4158 quid
1139 4110 1201 4157 aaa,

394 4167 500 4221 Plenius
512 4175 539 4220 et
549 4167 642 4220 melius
654 4168 807 4240 Chrysippo,
820 4178 847 4221 et
859 4169 986 4222 Crantore
997 4173 1069 4226 dicia

288 4293 403 4356 Poetas
418 4288 677 4375 philosophorum
694 4310 790 4352 cunas
806 4313 884 4365 csse,
900 4290 1023 4354 celebre
1038 4308 1098 4359 est.
1141 4299 1246 4364 Disci.

289 4392 391 4484 plinus
407 4391 552 4457 liberales
572 4406 669 4465 taum
687 4390 834 4457 utilitatis
853 4414 918 4456 esse
935 4392 1033 4457 tradit
1055 4399 1248 4485 antiquitas,
