2992 5592
135 809 204 855 cnr.
225 795 302 869 nn]
509 809 748 855 unramsrcos.
1056 799 1092 856 17

132 982 228 1024 novas
238 974 353 1025 sectas.
390 959 525 1026 Fiebant
534 984 611 1046 ergo
622 960 737 1025 summi
750 971 878 1046 repente
891 958 1091 1048 Philosophi:

134 1062 280 1148 namqui
301 1062 472 1128 illiteratus
491 1074 675 1140 accesserat,
691 1061 755 1126 lere
777 1083 838 1125 uon
862 1062 1046 1128 morabatur
1062 1064 1092 1128 in

133 1162 249 1227 scbolis
279 1163 430 1240 ulterius,
456 1186 552 1250 quam
583 1187 620 1227 eo
648 1163 808 1228 curriculo
838 1165 999 1250 temporis,
1027 1187 1093 1251 quo

133 1267 240 1329 avium
259 1265 342 1352 pulli
365 1265 576 1350 plumescunt.
623 1268 739 1353 Itaque
755 1280 896 1331 recentes
917 1268 1059 1353 magistri
1076 1293 1093 1333 e

136 1366 261 1446 scbolis,
276 1381 308 1432 et
328 1368 410 1453 pulli
431 1369 596 1433 volucrum
618 1370 743 1444 onidis,
761 1370 842 1434 sicut
862 1371 931 1457 pari
952 1382 1093 1456 tempore

135 1468 355 1544 morabantur,
378 1469 422 1534 sic
442 1470 561 1556 pariter
582 1474 762 1536 avolabant.
814 1473 876 1535 Sed
900 1472 977 1557 quid
1001 1473 1095 1538 doce-

138 1568 215 1632 bant
239 1570 315 1634 uovi
342 1570 498 1649 doctores,
519 1586 551 1638 et
578 1573 636 1659 qui
663 1573 736 1659 plus
762 1573 970 1648 somniorum,
996 1593 1092 1656 quam

138 1668 332 1755 vigiliarum,
343 1673 377 1736 iu
390 1673 542 1737 scrutinio
555 1672 770 1758 Philosophiae
781 1687 1051 1757 consumpserant,
1063 1688 1094 1738 et

138 1771 262 1835 facilius
273 1773 424 1851 instituti,
437 1797 531 1859 quam
549 1775 596 1839 illi
608 1777 706 1862 juxta
717 1776 912 1840 narrationes
924 1776 1095 1852 fabulosas,

139 1873 196 1958 qui
217 1879 409 1940 somniantes
423 1877 455 1940 in
477 1881 644 1954 Parnasso,
660 1889 790 1963 repente
812 1894 900 1941 vates
915 1877 1096 1964 progredie-

140 1974 275 2041 bantur:
306 1990 362 2042 aut
386 1978 482 2043 citius
508 2001 604 2064 quam
627 1977 662 2054 ii,
682 1978 740 2064 qui
762 1978 804 2041 de
828 1978 968 2044 Castalio
991 1980 1094 2043 Fonte

141 2076 321 2155 Musarum,
334 2099 449 2144 munus
464 2080 652 2146 hauriebant
665 2084 837 2165 poeticum:
857 2095 912 2145 aut
925 2104 1021 2168 quam
1038 2080 1095 2160 illi,

139 2179 195 2265 qui
211 2181 279 2244 viso
293 2182 429 2260 Pboebo,
443 2184 625 2256 Musarum,
638 2182 754 2246 nedum
771 2184 976 2261 musicorum,
990 2206 1094 2247 meru-

138 2296 230 2346 erunt
253 2283 368 2348 ascribi
388 2283 568 2348 consortio?
602 2283 767 2370 Numquid
793 2284 873 2348 rude
890 2283 1023 2371 aliquid,
1037 2298 1094 2349 aut

139 2385 309 2463 incultum,
326 2385 485 2472 numquid
500 2384 622 2471 aliquid
643 2399 804 2449 vetustum
822 2400 877 2450 aut
892 2384 1094 2451 obsoletum?

139 2486 224 2550 Ecce
246 2508 327 2550 nova
346 2486 465 2551 fiebant
485 2490 609 2551 omnia:
636 2485 849 2551 innovabatur
865 2485 1093 2562 Grammatica,

138 2588 372 2653 immutabatur
402 2587 587 2659 Dialectica,
613 2589 875 2653 contemnebatur
902 2587 1092 2653 Rhetorica:

139 2703 170 2755 et
202 2714 302 2756 novas
335 2691 435 2756 totius
464 2690 623 2776 quadrivii
654 2691 731 2770 vias,
760 2690 921 2755 evacuatis
951 2690 1093 2775 priorum

140 2793 271 2877 regulis,
306 2794 347 2858 de
382 2794 459 2880 ipsis
491 2793 703 2881 Philosopbiae
739 2793 846 2879 adytis
881 2793 1093 2880 proferebant.

140 2895 246 2960 Solam
285 2900 539 2962 convenientiam
575 2897 641 2960 sive
681 2900 837 2962 rationem
871 2893 1096 2983 loquebantur,

139 3011 362 3083 argumentum
379 2997 511 3061 sonabat
527 2996 558 3059 in
573 3019 627 3059 ore
642 3000 797 3073 omnium,
810 3010 842 3060 et
857 2997 980 3059 asinum
996 2997 1096 3058 nomi·

140 3118 227 3170 nare,
241 3098 292 3162 vel
306 3097 476 3173 bominem,
491 3109 548 3160 aut
564 3095 687 3182 aliquid
702 3118 835 3181 operum
851 3110 986 3174 naturae,
995 3095 1097 3158 instar

142 3197 283 3260 criminis
309 3213 387 3274 erat,
416 3212 473 3263 aut
503 3197 645 3284 ineptum
675 3197 780 3271 nimis,
810 3205 868 3259 aut
896 3194 987 3276 rude,
1016 3208 1048 3259 et
1077 3218 1097 3258 a

144 3298 340 3384 Philosopho
359 3300 507 3374 alienum,
529 3298 722 3387 impossibile
742 3299 931 3364 credebatur
950 3302 1097 3364 mavorti-

141 3411 244 3480 enter,
265 3414 297 3465 et
321 3401 362 3465 ad
383 3403 514 3467 rationis
540 3424 682 3466 normam
705 3402 877 3488 quicquam
904 3400 1019 3482 dicere,
1040 3415 1097 3467 aut

140 3501 253 3579 facere,
267 3503 326 3568 nisi
339 3506 558 3569 convenientia
577 3517 608 3567 et
623 3506 761 3569 rationis
777 3503 907 3580 mentio,
922 3503 1096 3591 expressim

141 3616 223 3668 esset
252 3605 379 3669 inserta.
423 3603 488 3670 Sed
516 3626 575 3668 nec
604 3617 828 3691 argumentum
859 3607 928 3671 fieri
958 3604 1094 3683 licitum,

141 3703 200 3769 nisi
216 3709 379 3791 praemisso
392 3707 519 3771 nomine
533 3707 723 3792 argumenti.
761 3709 817 3772 Ex
830 3718 909 3786 arte,
925 3720 956 3771 et
972 3706 1012 3773 de
1027 3721 1096 3773 arte

139 3829 244 3891 agere,
268 3807 354 3872 idem
382 3822 462 3872 crat.
509 3809 679 3873 Docebunt
705 3807 737 3871 bi
767 3807 861 3882 forte,
888 3807 975 3893 quod
1002 3823 1096 3894 poeta

140 3907 281 3972 versifice
304 3908 384 3973 nibil
408 3907 505 3986 dicet,
530 3908 591 3972 nisi
618 3908 819 3994 cognominet
843 3930 981 3983 versum,
1007 3909 1096 3996 quod

140 4008 229 4074 faber
240 4010 397 4096 lignarius
408 4033 569 4075 scamnum
584 4011 687 4076 facere
699 4022 846 4097 nequeat,
859 4011 918 4076 nisi
933 4034 1095 4076 scamnum

139 4123 194 4175 aut
209 4109 334 4196 lignum
355 4111 463 4176 volvat
477 4111 509 4175 in
525 4132 587 4176 ore.
635 4111 715 4175 lnde
730 4133 805 4194 ergo
820 4112 888 4176 brec
908 4123 1035 4194 sartago
1051 4112 1097 4174 lo·

138 4208 272 4294 quendi,
291 4208 325 4273 in
348 4232 416 4295 qua
437 4232 531 4273 senex
553 4209 691 4273 insulsus
712 4209 846 4290 exultat,
861 4211 1018 4274 insultans
1040 4208 1096 4283 eis,

139 4311 195 4397 qui
217 4311 338 4376 artium
361 4323 551 4374 venerantur
573 4325 728 4391 auctores,
742 4334 780 4374 eo
799 4310 886 4397 quod
910 4306 989 4371 nibil
1011 4307 1098 4372 utili·

142 4414 215 4478 tatis
225 4413 258 4477 in
271 4413 317 4478 eis
330 4413 460 4499 reperit,
471 4435 572 4498 quum
589 4436 620 4477 se
632 4414 677 4477 eis
692 4413 768 4477 dare
783 4434 912 4497 operam
924 4408 1097 4477 simularet.

182 4535 256 4580 von.
272 4534 303 4579 v.
609 4534 627 4574 c
