2992 5592
275 796 337 860 102
516 813 652 858 sonuum
667 811 945 857 saansnnmsums
1086 791 1168 872 [nus.
1184 812 1218 857 11.

269 964 403 1049 singulis
414 986 524 1028 verum
536 978 596 1042 est,
605 963 682 1050 quia
693 963 832 1050 quisque
843 959 956 1046 diligat
966 984 1011 1038 se,
1020 975 1053 1027 et
1068 961 1221 1029 distribu-

270 1066 336 1131 tiva
350 1064 471 1130 ratione
479 1065 630 1151 quedam,
640 1065 681 1128 de
698 1062 852 1128 universis
863 1063 893 1127 in
909 1086 1077 1128 commune
1088 1064 1220 1130 affirma-

270 1182 336 1245 tur,
355 1171 441 1256 quod
461 1173 564 1233 omnis
585 1172 676 1232 homo
699 1168 811 1250 dilipit
832 1189 876 1241 ae,
898 1165 1069 1251 benignius
1091 1166 1219 1252 quidem

268 1284 399 1356 aocepta
420 1270 571 1335 relatione
592 1267 797 1355 intelligitur,
818 1291 917 1353 quam
939 1279 989 1346 ut,
1011 1293 1052 1334 ex
1074 1272 1222 1354 angustia

270 1373 505 1448 Grammaticoe‚
526 1377 576 1439 vel
599 1371 838 1437 universitatem
858 1369 1003 1457 colligat,
1019 1372 1069 1436 vel
1091 1372 1220 1459 aliquod

270 1474 530 1561 singulorum,ab
541 1474 746 1540 universitate
753 1470 939 1559 singulatim
949 1489 1111 1561 excerpat.
1128 1476 1222 1542 Unde

269 1600 309 1643 er
336 1579 494 1647 sententia
517 1601 639 1656 eorum,
663 1575 720 1664 qui
746 1575 904 1661 angustiis
928 1589 964 1642 et
987 1577 1222 1644 subtilitatibus

270 1703 394 1768 semper
408 1679 569 1758 insistunt,
579 1703 636 1744 nec
650 1680 743 1744 bonae
757 1677 831 1742 fidei
844 1677 996 1743 rationem
1011 1679 1044 1742 in
1056 1680 1222 1767 colloquiis

269 1794 326 1846 aut
339 1781 526 1848 lectionibus
540 1797 664 1859 curant,
676 1779 743 1845 haec
759 1780 867 1866 potius
877 1779 1106 1846 enuntiationis
1119 1781 1221 1847 forma

269 1896 329 1963 est,
343 1907 440 1970 quam
457 1884 613 1971 regularia
627 1883 739 1946 formae
754 1883 943 1949 enunciati0.
983 1881 1075 1947 Idem
1091 1907 1220 1972 quoque

267 1999 424 2062 asserunt,
439 1985 586 2071 quotiens
601 1983 797 2071 pronominis
811 1985 848 2051 fit
863 1983 905 2048 ad
923 2007 1037 2048 nornen
1052 1984 1217 2072 appellati·

267 2108 343 2152 vum
359 2087 482 2165 relatio,
498 2111 536 2150 eo
551 2086 637 2173 quod
654 2108 842 2173 pronomen,
852 2086 941 2174 quod
956 2111 1081 2175 semper
1091 2088 1219 2154 demon-

266 2191 447 2265 strativum,
462 2203 519 2255 aut
534 2189 703 2254 relativum
724 2203 786 2266 est,
802 2191 923 2277 proprii
942 2191 1079 2255 nominis
1094 2191 1218 2279 expleat

266 2291 385 2355 vicem:
416 2291 441 2355 si
464 2307 568 2356 tamen
593 2292 706 2378 primae
727 2291 920 2357 inventionis
940 2316 1046 2357 causae
1068 2309 1155 2360 recte
1173 2317 1219 2358 re-

265 2392 510 2479 spondeat,nam
520 2393 682 2458 interdum
690 2417 730 2458 ex
740 2393 943 2478 indulgentia
952 2395 1218 2482 latinaevagatur.

268 2495 384 2581 Itaque
404 2520 506 2582 quum
527 2496 658 2572 dicitur,
680 2496 706 2562 si
727 2495 852 2583 aliquid
875 2511 923 2564 est
944 2497 1051 2577 bomo,
1067 2497 1151 2563 illud
1172 2512 1219 2565 eat

265 2596 391 2673 animal,
412 2613 558 2663 nontam
582 2598 801 2685 hypotheticae
823 2598 972 2664 dictionis
992 2598 1219 2686 consequentia

265 2713 325 2777 est,
354 2721 462 2786 quam,
493 2701 525 2764 in
559 2700 767 2786 hypothetice
799 2701 954 2779 dicendis,
984 2704 1219 2788 consequentia

264 2802 380 2869 forma.
425 2802 510 2867 Illud
538 2802 621 2866 enim
652 2802 739 2890 quod
770 2803 899 2880 dicitur,
928 2826 986 2868 nec
1015 2804 1154 2869 refertur
1177 2804 1216 2868 ad

263 2905 433 2983 hominem,
464 2929 503 2969 ex
534 2905 684 2989 angustia
714 2905 915 2991 disputandi,
942 2929 1001 2970 nec
1030 2912 1098 2972 olio
1128 2922 1214 2994 patet

264 3022 387 3075 certum
402 3007 494 3095 quid,
508 3030 574 3094 quo
589 3008 757 3073 reseratur.
801 3008 897 3072 Unde
910 3023 942 3073 et
959 3009 1216 3095 importunitates

262 3111 386 3189 multae,
410 3110 451 3176 ab
477 3109 537 3191 bis,
560 3111 617 3198 qui
639 3132 746 3174 rernm
771 3109 909 3195 ignaros,
932 3125 990 3176 aut
1020 3113 1214 3199 benignioris

262 3212 380 3298 ingenii
396 3213 538 3277 homines
560 3226 689 3293 vexant,
703 3235 805 3297 quum
826 3213 887 3299 ipsi
906 3213 1043 3301 inquieti
1065 3214 1215 3303 objurga·

261 3327 357 3390 tores,
372 3328 404 3379 et
425 3315 580 3401 pervicaci
600 3314 760 3380 instantiae
776 3315 967 3392 insistentes,
983 3329 1040 3381 aut
1062 3341 1106 3382 ex
1126 3322 1215 3403 igno·

260 3416 374 3493 rantis,
400 3427 458 3480 aut
484 3439 523 3478 ea
554 3416 762 3500 protervitate
791 3417 945 3496 laborent,
972 3433 1028 3484 aut
1059 3421 1213 3487 aviditate

258 3515 514 3604 oonproficiendi.
567 3521 658 3602 Ergo
693 3520 776 3586 sicut
812 3521 951 3607 cognitio
988 3523 1211 3590 certitudinem

258 3621 388 3705 quaerit,
403 3619 447 3684 sic
467 3621 734 3699 demonstrativa,
754 3638 787 3689 et
808 3630 957 3705 relation,
976 3648 1052 3712 quae
1072 3640 1132 3692 aut
1152 3627 1213 3714 pri·

256 3743 353 3799 mam,
363 3735 419 3786 ant
428 3721 560 3788 alteram
571 3722 694 3788 faciunt
703 3726 928 3812 cognitionem,
938 3741 1027 3793 certo
1037 3741 1070 3794 et
1081 3729 1212 3796 delinito

257 3824 437 3891 innituntur
452 3823 607 3911 subjecto,
620 3840 652 3891 et
667 3826 761 3906 illud,
774 3828 801 3901 si
817 3831 945 3917 proprie
960 3830 1081 3895 fuerint
1096 3833 1211 3918 posita,

255 3928 361 3992 animo
382 3927 586 4015 singulariter
607 3931 793 3996 ostendunt.
839 3932 902 3996 Sed
926 3946 1006 4010 esto,
1030 3946 1068 3999 ut
1089 3943 1209 4001 statar·

254 4034 397 4118 aliquem
412 4031 604 4116 generalem,
620 4033 813 4120 appellativa
833 4035 1012 4121 significent
1029 4036 1206 4117 (nonenim

252 4134 508 4201 contentionibus
520 4134 671 4215 delector,
683 4139 742 4221 qui
758 4138 851 4201 mein
865 4137 925 4215 his,
937 4161 1012 4224 quae
1024 4153 1100 4205 sunt
1111 4140 1207 4207 dubi·

252 4237 362 4303 tabilia
388 4237 535 4327 sapienti,
557 4237 773 4304 academicum
800 4263 867 4304 esse
892 4238 1016 4326 pridem
1044 4241 1208 4326 professus

250 4342 348 4421 sum,)
367 4355 471 4408 status
485 4342 539 4408 ille
555 4339 633 4427 quid
648 4338 701 4416 sit,
717 4341 750 4405 in
766 4365 833 4426 quo
848 4341 977 4428 singula
992 4343 1164 4422 uniuntur,
1173 4357 1205 4410 et

251 4441 329 4507 nihil
339 4443 536 4530 singulorum
546 4456 605 4520 est,
613 4443 672 4510 etsi
681 4442 790 4530 aliquo
801 4444 896 4511 modo
905 4445 1061 4511 somniare
1069 4447 1203 4533 poseium
