2992 5592
273 810 337 868 ³72
531 817 667 861 rosusrs
683 815 960 859 saussuuumssrs

274 976 361 1038 toriae
382 972 459 1036 serie
478 971 602 1050 legitur,
616 978 714 1030 totam
735 967 962 1048 cognationem
986 968 1056 1051 ejus
1072 983 1104 1031 et
1125 989 1229 1032 omnes

274 1077 329 1159 qui
345 1095 417 1137 enm
439 1070 648 1134 familiaritate
665 1082 720 1132 aut
740 1069 855 1152 quovis
876 1069 971 1132 titulo
993 1071 1229 1152 contingebant,

273 1175 464 1258 proscriptos
484 1172 611 1235 addixit
628 1172 726 1233 exilio
749 1172 818 1233 siue
838 1169 966 1232 delectu
990 1170 1167 1252 diguitatis,
1180 1189 1230 1234 aut

273 1276 402 1351 ordinis,
427 1274 622 1338 conditionis
653 1286 708 1335 aut
734 1274 878 1347 sortnuae,
903 1275 1009 1335 aetatis
1040 1286 1097 1336 aut
1126 1297 1226 1337 sexus.

275 1375 357 1438 Nam
374 1388 407 1437 et
429 1374 577 1436 mulieres
597 1373 628 1434 in
653 1374 822 1455 puerperio
846 1372 1091 1450 decumbentes,
1108 1388 1140 1437 et
1161 1396 1227 1455 par·

273 1477 338 1538 ruli
361 1476 522 1556 vagientes
544 1474 576 1534 in
600 1475 701 1544 cunia,
724 1474 757 1534 in
782 1473 913 1535 exilium
935 1475 1001 1536 acti
1025 1488 1111 1538 sunt.
1156 1477 1226 1537 Pro·

274 1578 371 1641 cessit
399 1575 532 1638 ulterius
561 1575 645 1636 furor
674 1575 821 1635 immanis
852 1584 884 1635 et
913 1575 977 1655 piis
1003 1578 1136 1639 auribus
1160 1577 1226 1639 hor·

274 1676 372 1740 reuda
394 1675 574 1739 crudelitas.
619 1675 726 1744 Quum
752 1676 838 1735 euim
862 1674 1034 1738 Catholica
1056 1678 1150 1739 etiam
1173 1699 1226 1759 pro

273 1776 432 1842 haereticis
455 1789 486 1839 et
509 1776 722 1839 schismaticis
744 1787 776 1837 et
798 1775 931 1858 perfidis
945 1778 1072 1842 Judaeis
1095 1791 1164 1841 oret
1177 1800 1226 1840 ec-

274 1881 383 1954 clesia,
405 1879 600 1963 prohibitum
623 1888 672 1940 est
694 1899 734 1938 ne
765 1879 836 1960 quis
865 1900 950 1954 eum,
972 1880 1022 1942 vel
1051 1882 1225 1943 orationum

274 1980 444 2059 suffragiis,
455 1979 627 2062 adjuraret.
673 1978 814 2040 Ministri
827 2000 956 2060 quoque
966 1981 1107 2060 publicae
1123 1993 1225 2063 potes·

273 2082 348 2143 tatis
370 2102 482 2143 omues
504 2080 631 2143 adultos
649 2078 756 2163 jurare
780 2081 951 2159 cogebant,
973 2079 1062 2163 quod
1084 2081 1223 2142 Pontini-

273 2203 367 2245 acum
383 2180 592 2244 contristandi
610 2181 842 2264 archiepiscopi
865 2202 961 2242 causa
977 2192 1130 2264 peterent
1176 2181 1226 2244 lbi

272 2284 407 2345 enimse
424 2279 470 2344 vir
484 2297 615 2343 sauctus
631 2279 686 2343 diu
696 2280 832 2363 jejuniis
849 2292 881 2343 et
901 2283 1100 2346 orationibus
1125 2305 1226 2347 mace-

271 2383 351 2446 ravit
373 2403 467 2444 oraus
490 2381 614 2464 jugitur
635 2401 694 2462 pro
716 2379 866 2459 ecclesia,
888 2404 946 2465 pro
970 2405 1054 2465 rege,
1076 2396 1110 2447 et
1131 2405 1224 2466 reguo

273 2485 460 2566 Auglorum,
475 2483 578 2545 ‹louec
601 2504 673 2543 eum
697 2481 772 2544 iude
796 2505 854 2546 rex
877 2505 933 2567 per
953 2487 1088 2549 abbates
1111 2487 1225 2549 Cister-

274 2588 410 2662 cienses,
424 2587 481 2668 qui
497 2583 537 2646 de
553 2596 635 2646 terra
649 2604 707 2646 sua
722 2583 763 2646 ad
788 2586 964 2667 capitulum
986 2588 1136 2666 generale
1151 2609 1224 2651 con·

275 2698 440 2764 venerant,
469 2686 654 2771 proturbare
684 2686 814 2747 curarit
862 2685 927 2748 Scd
956 2697 1131 2771 autequam
1153 2688 1224 2751 iude

274 2790 528 2875 progrederetur,
565 2786 673 2849 diviua
707 2787 897 2850 revelatione
935 2789 1133 2853 confortatus
1168 2801 1224 2864 est,

275 2892 402 2955 coelitus
419 2890 479 2952 sibi
496 2899 625 2951 ostenso
641 2888 774 2962 iudicio,
791 2887 878 2971 quod
891 2889 933 2951 ad
949 2892 1120 2954 ecclesiam
1136 2913 1222 2954 suam

274 2992 433 3056 rediturus
454 3001 521 3053 erat
544 3011 618 3051 cnm
637 2990 746 3069 gloria,
767 3001 799 3052 et
812 2987 887 3052 inde
910 3001 984 3074 post
1004 2994 1144 3075 martyrii
1158 2995 1223 3077 pal·

275 3117 358 3156 mam
375 3095 565 3175 migraturus
581 3091 620 3154 ad
640 3091 821 3154 Dominum.
867 3091 913 3152 Et
927 3093 1013 3155 sicut
1024 3095 1116 3158 beata
1128 3097 1224 3176 virgo,

273 3196 363 3279 cujus
378 3195 517 3257 animam
533 3193 566 3254 in
590 3193 646 3254 filii
667 3193 816 3275 passione.
837 3192 955 3255 doloris
977 3193 1105 3274 gladius
1124 3209 1222 3260 haus·

273 3295 460 3369 verberavit,
481 3296 651 3377 plusquam
677 3305 795 3375 martyr
816 3292 933 3372 legitur
954 3296 1111 3374 extitisse,
1133 3299 1224 3360 sicet

273 3398 395 3462 Christi
413 3393 577 3460 confessor
599 3393 676 3456 daun
696 3395 728 3456 in
746 3415 780 3456 se
801 3406 833 3457 et
849 3395 915 3456 suis
935 3396 1047 3472 multa,
1062 3419 1179 3479 magua
1192 3410 1222 3460 ct

272 3499 418 3562 inaudita
447 3508 479 3560 et
507 3497 604 3576 longa
626 3492 784 3577 supplicia
813 3496 987 3577 pertulerit,
1017 3499 1164 3561 meritum
1191 3507 1223 3561 et

272 3621 420 3661 coronam
443 3596 582 3678 martyrii
603 3595 771 3675 gloriosius
792 3595 967 3658 illustrarit.
1012 3598 1146 3661 Timeus
1168 3621 1222 3662 au·

271 3711 334 3761 tem
350 3699 522 3759 occasione
537 3699 587 3760 sui
597 3697 680 3779 juris
695 3697 812 3760 sanctis
826 3697 990 3760 imminere
1007 3699 1221 3782 dispendium,

271 3809 384 3883 sponte
407 3797 615 3872 discessiset
637 3800 677 3860 ad
701 3801 894 3861 Francorum
917 3800 1219 3864 christianissimum

271 3923 376 3984 regem
408 3895 608 3960 ludovicum
638 3919 671 3960 se
703 3900 849 3976 contulit,
872 3900 928 3983 qni
950 3923 1024 3963 eum
1046 3913 1219 3966 reverenter

273 4003 453 4087 excipiens,
469 3999 572 4063 donec
590 4020 655 4082 pax
671 4001 901 4079 reformaretur,
922 4001 1148 4066 humanissime
1166 4024 1220 4065 ne·

269 4105 406 4170 cessaria
422 4103 619 4165 ministrarit.

312 4203 504 4266 Sollicitavit
527 4204 621 4265 etiam
645 4223 804 4265 summum
829 4201 1015 4286 pontificem
1046 4206 1079 4267 in
1105 4207 1216 4268 virtuto

268 4305 383 4367 amoris
412 4313 445 4365 et
473 4304 532 4365 sub
564 4304 698 4386 impensi
730 4305 961 4382 protestatione
990 4306 1150 4388 obsequii,
1175 4326 1215 4367 ne

267 4405 398 4467 ulterius
437 4402 604 4465 dilationes
640 4404 842 4466 frustratorias
886 4419 1091 4485 prorogaret:
1135 4407 1217 4468 sicut
