2992 5592
623 1209 670 1282 H

342 1442 535 1505 JOANNIS
558 1443 948 1507 SARESBERIENSIS

259 1662 337 1734 DE
383 1662 642 1734 SEPTEM
688 1662 1027 1740 SEPTENIs

169 2125 326 2209 Prologus
347 2128 528 2210 epistolaris
550 2129 585 2188 in
610 2125 750 2189 libellum
774 2127 811 2189 da
832 2135 946 2208 septem
969 2134 1121 2212 septonia,

366 2234 488 2295 editum
505 2253 525 2292 a
539 2231 670 2294 Joanne
685 2231 925 2295 Saresberiensi.

210 2389 265 2451 Da
296 2386 488 2451 difficillimis
518 2388 698 2474 scripturus
729 2401 792 2452 tam
823 2389 990 2456 excellenti
1022 2413 1117 2478 quam

166 2490 298 2575 sapienti
330 2490 408 2566 viro,
446 2488 640 2577 quibusdam
678 2489 812 2554 fortasse
841 2508 1119 2580 praesumptuosus

165 2591 343 2676 apparebo:
368 2591 423 2655 sed
437 2605 541 2655 tamen
558 2614 619 2654 non
632 2594 810 2676 praesumit,
826 2594 882 2677 qui
899 2594 1115 2680 Pythagoram

164 2692 373 2781 interpretare
389 2691 563 2767 studuerit,
579 2691 635 2778 qui
651 2692 807 2757 Minerva>
822 2693 966 2756 clavibus
980 2695 1116 2759 obscura

163 2815 299 2858 reserare
315 2794 471 2869 didicerit,
491 2793 547 2880 qui
570 2793 743 2878 sapientem
767 2794 998 2879 questionibus
1014 2818 1116 2882 usque

163 2895 344 2980 pulsaverit.
395 2897 607 2982 Praesumpsit
638 2896 753 2960 Accius
783 2896 951 2960 scribendo
983 2899 1114 2973 Caesari,

161 2999 210 3063 cui
222 3000 327 3064 noluit
347 3022 513 3084 assurgere
535 2998 566 3061 in
590 2998 759 3083 collegium
782 3011 948 3085 poetarum
966 3000 1113 3066 venienti.

165 3098 351 3186 Propertius
382 3124 456 3165 vero
486 3099 609 3185 scripsit
641 3102 816 3184 August03
841 3103 991 3186 quoniam
1022 3117 1054 3167 et
1080 3105 1113 3167 in

160 3200 229 3287 ipsc
251 3203 430 3268 studiorum
454 3223 527 3290 spes
549 3214 615 3266 erat
639 3215 670 3265 et
694 3204 785 3265 ratio.
833 3206 869 3266 ln
892 3203 993 3266 altero
1016 3206 1113 3269 Musa

159 3303 359 3370 mendicabat
382 3305 448 3368 sine
472 3306 608 3369 virtute:
633 3303 664 3366 in
687 3300 790 3367 altero
813 3305 911 3368 Musa
933 3304 1114 3370 mendicans

158 3404 377 3492 triumphabat
412 3429 451 3470 ex
483 3404 673 3470 humilitate.
732 3404 871 3469 Scientia
900 3419 1005 3470 tamen
1043 3407 1110 3472 sine

159 3508 302 3591 potentia
318 3531 412 3594 poena
425 3523 493 3573 erat
508 3509 540 3572 in
561 3521 708 3593 utroque.
755 3507 894 3573 Scientia
908 3531 983 3572 vero
998 3509 1063 3575 sola
1078 3511 1111 3574 in

160 3611 256 3675 Actio
271 3610 416 3677 inflabat:
441 3615 544 3676 virtus
555 3634 627 3675 cum
641 3610 771 3674 scientia
782 3610 815 3673 in
829 3611 995 3698 Propertio
1005 3636 1108 3678 morea

155 3725 188 3776 et
211 3715 352 3778 animum
384 3715 547 3779 honestius
569 3713 790 3798 componebat.
835 3713 973 3779 Proinde
995 3730 1110 3781 vestra

157 3819 378 3901 praerogativae
390 3816 556 3901 dignitatis
571 3830 686 3879 nostrae
703 3818 799 3879 Musa
812 3817 977 3901 parvitatis
989 3819 1111 3894 scribit,

156 3939 218 3982 non
236 3933 273 3984 ut
289 3921 405 3985 Accius
416 3922 530 3996 tenuis,
542 3942 604 3983 non
617 3933 653 3984 ut
665 3920 851 4000 Propertius
860 3920 962 3996 exilia,
974 3942 1111 4005 quorum

157 4020 285 4106 ingenia
306 4034 495 4109 consumpta
517 4035 591 4086 aunt
613 4020 644 4085 in
668 4038 788 4105 septem
804 4042 911 4084 rerum
934 4021 1111 4106 principiis.

157 4124 309 4211 Quinque
332 4148 408 4189 vero
427 4137 515 4198 sunt,
534 4147 608 4208 quae
632 4122 729 4187 vestri
750 4119 893 4185 delectus
919 4120 1111 4184 firmitudini

155 4248 214 4290 nos
235 4228 373 4291 scribere
393 4225 602 4312 compellunt,
628 4223 827 4288 familiaritas
843 4221 1004 4306 sapientis,
1020 4225 1114 4286 certi-

155 4328 236 4393 tudo
244 4328 475 4414 ambiguitatis,
484 4327 632 4391 boneatas
642 4325 791 4400 muneris,
803 4320 953 4388 meritum
961 4322 1114 4408 recipien.

155 4435 207 4508 tis,
228 4445 370 4518 potestas
392 4430 508 4495 dantis.
554 4434 590 4494 ln
611 4443 769 4515 potestate
792 4426 898 4491 dantia
920 4425 1112 4494 discriminis

193 4555 264 4599 vot..
288 4555 318 4597 v.
634 4551 653 4595 ι’
