2992 5592
589 811 809 857 nurnnrrcus.
1112 799 1175 857 253

226 956 373 1046 Quaejus
388 983 449 1023 non
466 960 626 1047 reprobat,
643 963 696 1026 sed
714 961 863 1047 publicus
878 960 1035 1048 approbat
1052 984 1139 1040 usus,

309 1061 396 1127 Huic
412 1084 525 1149 operas
540 1062 657 1129 debent
673 1064 885 1151 militiamque
902 1085 1012 1136 suam;

223 1165 386 1230 Praeticus
401 1166 476 1229 huic
491 1166 599 1245 servit,
614 1167 777 1252 servitque
792 1166 973 1239 theoricus;
998 1186 1100 1228 arcem

309 1267 436 1355 Imperii
454 1268 533 1331 sacri
548 1268 755 1355 Philosophia
770 1268 870 1333 dedit.
1109 1275 1173 1332 450

482 1371 535 1434 De
550 1371 695 1453 dogmate
711 1373 903 1437 Stoicorum.

221 1468 345 1532 Stoicus
361 1468 442 1533 hanc
457 1471 614 1555 sequitur,
633 1469 710 1533 dum
728 1492 852 1557 semper
867 1471 898 1534 in
916 1470 1027 1536 ultima
1047 1471 1149 1533 visum

306 1571 427 1655 Dirigit
443 1584 474 1635 et
491 1570 560 1633 vitii
577 1574 721 1654 germina
736 1571 817 1635 falce
834 1586 930 1648 secat,

220 1669 384 1734 Virtutum
401 1693 525 1736 causam
543 1671 655 1736 statuit
672 1672 812 1757 vitaeque
828 1672 941 1748 beatae,

305 1774 353 1837 Ut
370 1796 457 1837 mens
473 1786 632 1838 assuescat
647 1786 743 1837 cauta
759 1773 869 1838 timere
884 1773 974 1837 mori.

219 1874 283 1937 Hic
299 1875 394 1939 timor
409 1875 540 1961 expellit
557 1897 653 1938 vanos
669 1899 688 1940 a
702 1876 797 1939 corde
813 1875 982 1949 tumultus,
1107 1883 1170 1941 455

305 1977 555 2063 Mundanusque
570 1976 655 2063 sugit
671 1975 731 2040 hoc
747 1978 893 2041 veniente
909 1978 1019 2052 timor,

217 2079 403 2143 Conteritur
417 2079 531 2157 fantur,
547 2079 657 2144 calidae
673 2080 756 2168 perit
772 2082 912 2166 impetus
927 2079 994 2157 iroe,

305 2181 347 2247 Et
363 2196 462 2248 cessat
478 2182 586 2260 luxus,
602 2182 815 2270 depopulator
829 2205 937 2270 opum.

218 2284 322 2347 Frena
336 2283 494 2372 voluptati
511 2285 640 2362 dantur,
656 2285 840 2350 malesuada
855 2284 956 2349 libido

303 2387 444 2473 Deponit
458 2386 603 2451 stimulos
618 2388 727 2452 territa
744 2390 806 2452 fine
823 2409 907 2451 suos.
1105 2393 1169 2451 460

217 2485 332 2549 Omnia
345 2486 518 2550 contemnit
534 2486 654 2561 leviter,
672 2487 728 2574 qui
744 2510 777 2551 ae
792 2487 981 2552 moriturum

302 2588 431 2673 Cogitat
447 2603 479 2651 et
495 2588 605 2654 recolit
620 2602 736 2653 cuncta
751 2589 855 2675 perire
871 2587 970 2654 brevi.

215 2688 247 2751 si
266 2702 369 2752 tamen
387 2690 508 2776 absque
524 2692 620 2756 modo
634 2691 734 2755 fuerit
752 2691 918 2756 meditatio
934 2693 1058 2768 mortis,

302 2791 442 2855 Subruat
460 2805 495 2855 ut
511 2791 610 2853 nimio
624 2790 722 2854 corda
736 2813 855 2876 pavore
870 2804 983 2876 stupor

215 2892 356 2979 Spesque
371 2905 538 2979 perempta
552 2893 645 2956 cadat
661 2893 757 2957 variis
773 2892 900 2957 turbata
915 2894 1072 2981 procellis,
1104 2903 1166 2962 465

300 2993 439 3058 Excedit
457 2994 580 3058 licitum
597 2995 708 3059 mortis
723 2994 830 3079 imago
846 2995 984 3059 modum

213 3096 350 3160 Excedit
367 3096 455 3175 lines,
471 3119 551 3182 quos
565 3096 618 3160 lex
635 3097 826 3183 praescripsit
843 3097 883 3161 ad
899 3121 1008 3174 usum,

302 3196 342 3261 Et
360 3209 491 3261 mortem
508 3219 613 3261 veram
630 3199 740 3263 mortis
755 3199 861 3285 imago
876 3199 970 3284 parit.

273 3305 324 3366 De
339 3302 450 3364 timore
465 3301 655 3364 moderando
670 3310 700 3366 et
715 3303 938 3385 desperatione
953 3303 1097 3367 vitanda

211 3407 279 3469 Lex
290 3403 398 3489 jubet,
417 3415 452 3467 ut
468 3402 591 3481 timeas,
607 3402 660 3466 sed
677 3403 845 3488 desperare
861 3403 1023 3468 timentem

297 3508 369 3568 Non
386 3504 480 3568 sinit:
504 3504 563 3569 hoc
578 3503 663 3567 omni
679 3504 810 3568 crimine
826 3503 930 3589 majus
944 3505 1051 3571 habet.
1097 3514 1162 3572 470

210 3610 343 3671 Omnem
360 3629 460 3693 quum
478 3605 580 3671 solvat
596 3606 750 3670 confessio
764 3629 845 3693 pura
860 3621 985 3674 reatum

295 3710 340 3773 Et
357 3708 440 3773 lavet
456 3708 600 3773 internus
615 3708 746 3772 crimina
761 3722 874 3773 cuncta
886 3709 990 3782 dolor,

209 3811 283 3874 Hoc
298 3811 399 3876 scelus
412 3810 556 3876 excludit
571 3811 706 3887 veniam,
723 3833 915 3899 poenamque
929 3827 1081 3891 meretur,

294 3910 401 3987 Quam
417 3936 509 4000 prece
525 3913 574 3977 vel
590 3915 693 3999 pretio
707 3913 834 3979 flectere
849 3938 942 3979 nemo
956 3927 1072 4001 potest.

209 4013 348 4081 Crimina
363 4016 548 4081 criminibus
562 4021 718 4094 cumulat,
732 4016 814 4080 male
829 4031 920 4102 gesta
935 4017 1029 4081 fateri
1097 4024 1160 4083 475

295 4117 450 4205 Negligit,
465 4117 614 4183 absorbet
631 4133 705 4182 rota
720 4140 895 4205 precesque
911 4118 1018 4195 timor,

209 4217 401 4283 Clementem
419 4233 514 4305 negat
529 4243 595 4284 esse
611 4222 728 4299 Deum,
743 4243 800 4283 nec
815 4242 944 4307 parcere
959 4241 1095 4305 pronum

294 4317 417 4406 Culpis,
433 4319 488 4383 sed
504 4318 657 4405 cupidum
675 4318 839 4402 sanguinis
854 4339 921 4380 esse
936 4329 1040 4401 putat.

202 4418 358 4506 Principis
373 4421 485 4485 offensi
502 4420 613 4484 nullus
630 4421 674 4484 sic
688 4421 817 4506 mitigat
834 4420 926 4496 iram,
