2992 5592
144 804 204 854 cur.
219 788 288 869 tin]
487 796 727 850 uarutoorcus.
1031 791 1090 848 lau

139 966 284 1044 appareat
304 955 456 1023 evenire:
482 977 595 1041 corpus
617 953 703 1019 enim
726 952 942 1019 acutissimum
958 963 1016 1031 est,
1032 953 1087 1019 ubi

138 1060 166 1124 in
179 1059 299 1146 angulo
313 1058 500 1124 acutissimo
513 1067 631 1123 coeunt
645 1056 827 1142 superficies
841 1056 920 1141 ejus.
960 1055 1043 1121 Nam
1060 1057 1086 1122 si

138 1162 265 1228 obtusus
286 1159 529 1247 superficierum
556 1159 740 1226 coeuntium
763 1157 860 1224 fuerit
884 1159 1029 1244 angulus,
1052 1172 1086 1224 et

135 1286 243 1352 corpus
267 1264 421 1329 obtusum
447 1284 515 1328 esse
538 1263 572 1327 iu
597 1261 704 1349 aliquo
728 1261 935 1347 multiplicius
957 1259 1084 1340 dicitur,

134 1389 226 1454 quarn
254 1365 439 1432 Aristotelis
465 1376 609 1452 tempore
638 1365 798 1430 diceretur
805 1389 815 1443 ;
850 1375 884 1428 et
909 1386 982 1451 quae
1007 1377 1084 1429 tunc

133 1468 227 1536 rerba
247 1468 402 1558 aliquam,
427 1490 512 1535 nunc
536 1467 616 1534 forts
639 1468 760 1533 nullam
780 1466 902 1532 habent
927 1467 1086 1551 significa·

133 1571 271 1637 tionem:
294 1571 454 1660 siquidem

233 1672 324 1728 utun
335 1679 503 1728 renascentur
513 1690 572 1743 qnae
579 1674 636 1744 jam
648 1673 774 1735 cecidere,
785 1672 939 1741 cadentque,

236 1760 307 1822 Qua
317 1777 385 1812 nunc
396 1765 457 1813 sunt
468 1759 603 1811 inhonore
614 1757 750 1823 vocabula,
761 1759 784 1809 si
795 1757 864 1810 volet
876 1774 947 1820 uaris,

235 1845 324 1908 Quem
335 1862 416 1918 penca
427 1845 560 1898 arbitrium
573 1849 622 1907 est,
634 1849 662 1896 et
669 1845 723 1915 jus,
734 1849 762 1896 et
772 1860 863 1895 norma
873 1842 1006 1911 loquendi:

132 1930 186 1996 sed
209 1931 306 2018 plane
322 1930 423 2015 magis
437 1929 597 1995 dedocent
612 1940 707 2017 quam
729 1928 891 2010 erudiunt,
906 1929 962 2016 qui
977 1928 1009 1992 in
1025 1927 1085 1994 boc

131 2033 239 2099 libello
253 2032 368 2117 legunt
388 2031 545 2114 universa,
559 2043 681 2096 etcum
703 2031 860 2097 brevitate
875 2054 932 2096 sna
953 2043 1085 2097 conten-

132 2148 197 2203 tum
222 2157 292 2201 esse
315 2156 379 2199 non
402 2134 521 2199 sinunt.
567 2133 731 2221 Quicquid
753 2134 871 2199 alicubi
891 2135 954 2200 dici
969 2147 1084 2222 potest,

131 2237 180 2304 bie
199 2248 380 2324 congerunt
398 2236 515 2323 quibus
534 2237 660 2322 gravior
681 2258 750 2302 esse
772 2236 898 2303 ridetur
919 2239 1083 2321 confessio,

131 2352 228 2429 quam
259 2339 437 2425 ignorantia
466 2338 543 2405 veri.
600 2338 778 2406 Deridebat
811 2363 865 2406 eos
894 2352 1000 2408 noster
1028 2343 1084 2408 ille

131 2443 257 2530 Anglna
275 2441 506 2529 Peripateticus
522 2440 639 2519 Adam,
656 2443 746 2528 cujus
761 2444 893 2529 vestigia
907 2460 1085 2533 sequuntur

131 2545 234 2624 multi,
266 2544 324 2610 sed
354 2544 447 2631 pauci
477 2544 694 2631 praepediente
727 2544 848 2611 invidia
876 2551 1082 2633 profitentur:

129 2648 321 2736 dicebatque
345 2669 379 2712 se
395 2657 451 2716 aut
471 2647 679 2726 nullum,'aut
700 2648 860 2713 auditores
879 2650 1085 2735 paucissimos

131 2750 367 2831 habiturum,si
385 2772 424 2815 ea
443 2749 646 2837 simplicitate
669 2772 864 2830 sermonum,
879 2760 911 2816 et
933 2750 1084 2816 facilitate

131 2853 360 2919 sententiarum
383 2852 583 2919 dialecticam
606 2853 836 2941 traderetque
857 2855 958 2940 ipsam
977 2854 1085 2918 doceri

131 2953 307 3044 expediret.
339 2946 450 3021 Habui
466 2955 552 3021 enim
568 2952 731 3020 bominem
747 2956 936 3021 familiarem
952 2955 1085 3021 assidui·

130 3064 193 3121 tate
208 3052 372 3140 colloquii,
388 3066 422 3119 et
442 3056 730 3121 communicatione
750 3056 915 3133 librorum,
932 3069 966 3121 et
980 3057 1085 3143 qnoti-

129 3156 222 3222 diano
237 3156 306 3222 fere
321 3156 473 3222 exercitio
487 3179 583 3245 super
603 3157 842 3242 emergentibus
856 3159 996 3223 articulis
1011 3181 1084 3223 con-

130 3258 265 3325 ferendi.
297 3257 363 3326 Sed
376 3281 435 3324 uec
451 3281 515 3325 una
527 3259 580 3325 die
591 3256 766 3345 discipulus
777 3260 846 3345 ejus
860 3260 918 3340 fui,
929 3261 959 3327 ei
975 3273 1082 3327 tamen

129 3358 232 3426 babeo
250 3360 380 3445 gratias,
396 3361 483 3448 quod
506 3384 545 3427 eo
564 3363 700 3426 docente
721 3361 813 3447 plura
832 3363 976 3448 cognovi,
991 3365 1085 3451 plura

129 3457 236 3545 ipsius,
253 3457 406 3545 quoniam
429 3457 515 3524 aliud
534 3461 657 3525 ratione
680 3462 824 3527 consulta
844 3464 1083 3551 praelegeram,

129 3561 196 3648 ipso
225 3560 347 3626 arbitro
376 3563 551 3648 reprobavi.
604 3563 718 3651 ltaque
746 3565 809 3644 hic,
840 3566 922 3634 sicut
952 3570 1083 3658 ubique,

130 3663 274 3730 facilitati
290 3665 425 3731 arbitror
445 3667 659 3732 serviendum.
707 3666 822 3757 Neque
837 3671 907 3736 brec
922 3675 1030 3740 omnia
1044 3697 1083 3742 eo

129 3767 295 3854 proelibari
314 3770 485 3856 proposito,
501 3784 538 3835 ut
559 3771 678 3860 ubique
693 3772 856 3853 dicantur3
884 3777 940 3842 sed
955 3801 996 3843 ue
1011 3780 1086 3845 sile·

130 3882 223 3936 antur
238 3869 371 3959 ubique,
388 3894 462 3960 quoe
482 3872 600 3939 alicubi
617 3876 679 3940 dici
703 3877 842 3962 expedit,
857 3878 974 3945 librum
997 3904 1084 3947 com·

131 3973 290 4040 mandavi.
327 3973 396 4040 Nec
410 3977 563 4062 poenitet:
588 3979 738 4065 quoniam
755 4003 865 4046 revera
879 3987 1085 4050 commenda·

131 4074 201 4141 bilis
222 4085 282 4140 est.
329 4076 492 4141 Caeterum
509 4079 534 4142 si
551 4080 621 4164 plus
631 4081 719 4165 justo
734 4082 857 4148 caritati
869 4084 1082 4168 indulgeatur,

132 4198 203 4265 qnoe
232 4178 275 4244 ad
305 4180 410 4265 prima
439 4180 514 4245 artis
544 4183 705 4248 elementa
733 4187 903 4252 studiosius
932 4188 1026 4250 rudes
1051 4203 1084 4253 et

136 4278 355 4347 detrectantes
369 4281 493 4359 invitat,

268 4413 305 4425 -
318 4382 362 4435 Sic
374 4386 461 4455 pueris
472 4383 534 4437 olim
546 4386 609 4438 daut
621 4388 733 4440 crustula
746 4388 835 4440 blandi

233 4468 371 4533 Doctores,
383 4469 513 4523 elementa
524 4471 605 4525 velint
617 4478 646 4525 ut
657 4473 755 4526 discere
767 4475 861 4543 prima:

167 4574 240 4621 VOL.
258 4576 289 4621 V.
594 4579 615 4622 Il
