2992 5592
467 838 543 885 vrrs
559 841 675 886 sauorr
690 840 849 888 ansatur.
1070 827 1133 885 307

178 991 261 1055 euim
277 991 306 1054 ei
324 1003 412 1075 patre
428 993 515 1057 circa
534 995 596 1057 alia
617 1004 777 1077 occupato
798 995 895 1059 totius
911 994 1027 1058 domus
1042 994 1130 1057 solli-

178 1091 288 1154 citudo
306 1091 520 1173 incumberet3
547 1095 707 1176 sapienter
728 1095 837 1158 omnia
858 1093 1060 1177 disponebat,
1081 1085 1144 1155 in?

179 1192 358 1277 sistensque
392 1194 544 1276 operibus
581 1194 810 1260 misericordiae
847 1194 993 1277 diligenti
1022 1193 1130 1258 studio

179 1293 402 1377 frequentabat
417 1295 709 1374 ecclesiam‚01ans
724 1307 757 1360 et
772 1305 839 1359 tota
853 1296 967 1359 mentis
981 1294 1131 1360 ariditate

179 1394 347 1476 excipiens
361 1396 458 1458 verba
480 1395 555 1472 Dei,
577 1407 610 1460 et
625 1405 788 1479 praecepta
808 1396 975 1479 sapientie
996 1392 1132 1458 fideliter

178 1515 354 1577 exequens.
404 1496 490 1559 Nam
515 1517 586 1579 quae
609 1496 755 1561 andierat
780 1496 1041 1561 communicabat
1063 1494 1131 1558 aliis

174 1594 323 1678 jucunda
337 1596 502 1673 relatione,
517 1608 551 1659 et
570 1617 604 1659 se
627 1607 660 1660 et
678 1598 759 1660 alios
782 1595 825 1660 ad
843 1595 1037 1679 obsequium
1051 1594 1132 1657 inci·

179 1697 276 1760 tabat.
299 1696 431 1761 Audirit
444 1698 486 1761 ab
497 1697 559 1761 hac
575 1718 654 1782 puer
670 1720 769 1762 unum
785 1719 856 1762 esse
868 1699 975 1761 Deum
990 1695 1132 1760 omnium

179 1798 392 1877 conditorem,
406 1809 593 1880 regnantem
614 1801 648 1863 in
669 1799 773 1876 omlis,
786 1800 968 1881 largitorem
987 1819 1134 1863 remune-

179 1909 382 1984 ratoremque
407 1902 575 1977 bonorum,
597 1910 630 1965 et
654 1900 802 1979 credidit,
823 1913 856 1966 et
876 1901 945 1986 jam
967 1901 1002 1965 in
1026 1911 1134 1964 tenera

181 2009 275 2065 atate
289 2000 331 2063 ad
351 2000 437 2064 illius
458 2001 605 2065 notitiam
628 2001 799 2085 aspirabat.
844 2001 1014 2066 Pueriliter
1027 2011 1134 2064 autem

182 2103 375 2186 opinabatur
389 2103 506 2167 coelum
522 2103 636 2167 ricinis
651 2104 815 2168 montibus
829 2105 1004 2181 inbaerere3
1023 2101 1134 2186 ibique

181 2205 247 2267 Dei
275 2203 315 2267 de
346 2226 409 2289 quo
438 2204 582 2270 audierat
611 2227 681 2270 esse
711 2206 876 2289 palatium,
898 2216 931 2269 et
956 2225 1029 2268 eum
1060 2223 1133 2268 cum

183 2309 308 2390 angelis
323 2319 356 2371 et
371 2309 489 2373 sanctis
504 2311 711 2393 corporaliter
726 2310 915 2374 conversari.
959 2310 1072 2374 Visum
1087 2320 1136 2372 est

182 2431 258 2491 ergo
270 2410 300 2473 ei
311 2431 375 2473 uua
385 2411 528 2474 noctium
544 2411 576 2473 in
592 2412 736 2488 somniis,
747 2412 834 2496 quod
845 2413 922 2476 illuc
936 2411 1135 2489 ascenderat,

183 2523 216 2573 et
230 2510 315 2594 quod
331 2510 364 2574 in
380 2511 563 2575 devexitate
584 2512 701 2576 montis
723 2534 816 2595 quem
839 2511 1035 2575 ascendebat
1049 2510 1136 2574 vide·

184 2614 241 2676 bat
262 2613 400 2677 famulos
422 2613 558 2678 Domini
581 2624 736 2676 metentes
759 2611 891 2695 quidem
914 2613 1054 2675 triticum
1078 2610 1137 2674 sed

185 2715 279 2778 valde
293 2716 510 2798 negligentem
532 2726 569 2777 ut
582 2714 651 2798 ejus
675 2713 750 2776 fidei
773 2715 844 2775 zelo
867 2733 1026 2776 accensus
1041 2733 1137 2795 super

186 2817 250 2879 hoc
280 2830 353 2880 ante
392 2816 499 2878 Deum
532 2813 718 2896 disponeret
751 2832 911 2875 accusare.
971 2811 1138 2889 Ascendit,

188 2919 359 3001 Deumque
375 2916 541 2979 sedentem
556 2914 591 2977 in
606 2916 727 2998 palatio
743 2916 844 2977 solum
860 2914 987 2996 reperit,
999 2922 1138 2997 excepto

186 3018 255 3081 solo
281 3016 523 3098 dispensatore3
552 3036 728 3100 perquem
754 3015 878 3080 accitus
898 3027 931 3078 et
955 3015 1073 3079 sedens
1096 3013 1139 3076 ad
1218 3037 1222 3046 ¹

186 3117 287 3203 pedes
303 3115 449 3195 Domini,
463 3116 536 3200 ipso
551 3117 737 3194 mandante,
750 3137 867 3200 panem
886 3117 1014 3200 accepit
1029 3115 1138 3187 candi,-

186 3219 367 3293 dissimum‚
396 3216 484 3282 unde
513 3218 634 3281 ibidem
672 3217 814 3282 comedit
849 3228 883 3281 et
918 3218 1051 3281 satiatus
1080 3226 1138 3281 est

187 3320 354 3383 Visionem
376 3315 483 3412 retulit
504 3320 621 3396 sociis;
650 3340 749 3403 seque
775 3340 860 3403 pene
882 3319 991 3383 divino
1014 3329 1139 3405 pastum

188 3421 399 3502 gloriabatur3
430 3420 558 3485 interim
578 3420 750 3505 suspicans
771 3422 842 3485 brec
863 3421 947 3486 circa
969 3442 1002 3483 se
1024 3441 1138 3504 corpo·

187 3522 294 3585 raliter
309 3531 399 3602 gesta
414 3540 494 3584 esse.
531 3519 663 3584 Exinde
678 3530 766 3584 tanto
779 3521 844 3584 Dei
858 3540 965 3583 amore
980 3519 1139 3584 debriatus

189 3631 249 3699 est,
277 3631 312 3685 ut
336 3630 438 3684 totum
463 3632 671 3686 contemnens
699 3622 867 3697 mundum,
891 3621 985 3686 etiam
1009 3643 1137 3704 gravem

186 3724 328 3808 aliquam
359 3720 554 3787 desideraret
589 3721 818 3802 infirmitatem,
847 3724 951 3808 cujus,
969 3725 1140 3788 occasione

190 3823 433 3903 monachorum,
447 3824 533 3909 quod
548 3823 721 3909 plurimum
741 3828 884 3910 optabat,
898 3839 1010 3910 posset
1023 3826 1141 3890 ascribi

189 3927 360 3990 consortio.
404 3926 450 3991 Et
471 3926 602 4012 quidem
622 3947 681 4012 pro
702 3940 786 4007 roto,
806 3928 892 3992 sicut
912 3931 1033 4005 orabat,
1054 3927 1142 3989 infir·

191 4039 295 4091 matus
309 4040 359 4092 est
364 4053 374 4106 ς
398 4027 454 4093 sed
469 4049 510 4093 ne
523 4028 702 4093 monachus
717 4028 817 4108 fieret,
829 4042 906 4092 tunc
922 4039 958 4091 nt
972 4029 1145 4111 putabatur

191 4129 314 4193 obstitit
329 4139 437 4212 pater:
460 4130 547 4215 quod
561 4139 667 4195 autem
684 4152 793 4194 verum
815 4141 874 4205 est,
889 4150 962 4192 eum
985 4126 1144 4190 Dominus

190 4228 340 4293 adalind
362 4233 551 4296 reservabat.
597 4231 727 4295 Litteris
750 4231 909 4294 duntamt
930 4236 964 4290 et
984 4226 1145 4291 honestati

192 4329 335 4413 applicat
363 4330 525 4406 animum;
559 4340 591 4394 et
620 4330 654 4392 in
684 4342 819 4413 utroque
849 4328 1022 4412 proficiens
1052 4349 1147 4412 super

192 4451 303 4495 omnes
333 4446 515 4496 coetaneos
540 4451 616 4494 snos
649 4431 791 4514 explerit
820 4430 854 4492 in
885 4429 973 4492 brevi
1004 4439 1146 4513 tempore

641 4536 699 4593 Η
