2992 5592
351 803 414 861 2³0
507 804 510 811 '
609 815 744 860 scaurus
762 813 1041 857 saansaamsnsrs

437 965 610 1030 Absolvam
628 964 757 1050 paucis:
781 977 828 1027 est
844 986 977 1049 operosa
991 963 1115 1027 nimis.”
1242 972 1306 1029 350

353 1067 462 1133 Multa
478 1068 588 1151 legunt
605 1081 636 1130 et
652 1065 755 1131 multa
772 1065 886 1128 docent
902 1065 1137 1151 prohibentque
1154 1065 1264 1152 vagari

441 1167 635 1253 Discipulos,
652 1181 768 1253 urgent
785 1166 875 1243 scire,
892 1166 942 1229 vel
957 1190 1025 1232 esse
1040 1167 1139 1243 domi,

355 1271 480 1356 Ingenii
497 1271 580 1333 vires
595 1283 740 1356 pensant,
758 1291 969 1354 mensuraque
985 1270 1107 1333 cunctis

441 1379 465 1438 A
483 1372 613 1436 doctore
628 1371 725 1436 datur
741 1370 864 1434 viribus
878 1384 955 1456 apta
970 1372 1047 1434 suis.

352 1473 470 1538 Nullus
487 1471 637 1536 adulatur
652 1470 833 1547 doctorum,
849 1493 982 1533 munera
996 1469 1104 1536 nullus
1244 1479 1309 1537 355

443 1576 561 1649 Donat,
578 1588 612 1638 ut
629 1573 757 1638 auditor
773 1572 860 1636 illius
874 1596 941 1635 esse
958 1572 1047 1636 velis.

353 1676 415 1742 Sed
432 1699 489 1741 nec
504 1675 590 1762 apud
607 1688 728 1738 veteres
743 1671 950 1738 confunditur
965 1674 1045 1738 ordo
1061 1674 1199 1759 legendi,

442 1779 592 1863 Namque
624 1776 761 1859 gradum
795 1774 960 1861 proprium
992 1799 1131 1862 quoeque
1160 1777 1310 1841 decenter

573 1878 709 1943 habent:

656 1979 709 2044 De
722 1980 838 2044 ordine
852 1980 1007 2044 discendi.

355 2078 602 2143 Grammaticam
620 2079 770 2165 sequitur
784 2078 967 2164 diasyrtica,
983 2080 1140 2165 synthesis
1154 2078 1253 2156 illam,

444 2180 540 2244 Lenis
555 2203 635 2256 eam,
652 2180 752 2244 rhesis
768 2180 942 2266 posteriore
956 2182 1074 2266 gradu.
1246 2190 1311 2247 300

357 2280 419 2344 His
433 2281 588 2366 gradibus
603 2303 747 2345 crescens
762 2282 913 2346 facundia
929 2282 1071 2368 possidet
1085 2305 1187 2347 arcem

444 2385 490 2448 Et
507 2382 608 2446 varias
623 2395 707 2447 artes
722 2383 845 2469 absque
859 2385 969 2449 labore
983 2384 1088 2450 docet.

358 2485 489 2571 Eloquii
506 2485 531 2548 si
547 2487 620 2570 quis
637 2485 776 2571 perfecte
794 2487 917 2551 noverit
932 2501 1045 2566 artem,

445 2587 619 2663 Quodlibet
633 2609 776 2673 apponas
792 2587 920 2672 dogma,
936 2588 1060 2675 peritus
1073 2587 1143 2653 erit.

358 2689 491 2754 Transit
506 2689 612 2754 abhis
628 2689 755 2754 tandem
773 2689 887 2755 studiis
901 2714 1032 2776 operosa
1043 2692 1200 2777 juventus
1246 2696 1311 2755 305

446 2792 556 2877 Pergit
571 2808 602 2859 et
619 2794 651 2856 in
667 2792 771 2857 varias
785 2792 1039 2879 philosophando
1054 2796 1132 2869 vias,

360 2897 441 2971 Quae
457 2907 562 2958 tamen
577 2893 616 2958 ad
635 2895 727 2958 finem
744 2894 880 2959 tendunt
896 2893 1096 2960 concorditer
1112 2917 1222 2970 unum,

447 2996 557 3059 Unum
575 3017 713 3080 namque
728 3010 825 3081 caput
843 2995 1050 3082 Philosophia
1063 2995 1156 3078 gerit.

359 3099 482 3162 Rerum
498 3114 628 3163 naturas
643 3109 837 3175 scrutantur,
853 3098 932 3184 quid
949 3102 989 3163 sit
1006 3099 1184 3174 honestum,

447 3200 606 3287 Undeque
621 3201 788 3286 proveniat
805 3200 871 3264 vita
885 3200 980 3265 beata
994 3199 1067 3280 sibi,
1249 3206 1313 3263 370

356 3302 535 3390 inspiciunt
552 3304 633 3366 vires
649 3312 696 3369 est
711 3301 814 3366 stricti
825 3302 911 3388 juris
925 3316 958 3366 et
973 3302 1071 3388 aequi,

444 3405 537 3470 Senis
552 3419 607 3470 aut
624 3405 720 3489 aegris
735 3403 813 3490 quid
831 3404 988 3468 medicina
1004 3403 1099 3470 valet.

458 3509 552 3581 Quod
566 3508 677 3570 divino
690 3511 820 3590 pagina
835 3507 985 3570 omnibus
995 3510 1217 3590 principetur.

358 3605 467 3684 Quum
484 3620 614 3671 cunctas
628 3621 725 3687 artes,
738 3630 839 3694 quum
855 3606 1008 3692 dogmata
1021 3622 1135 3673 cuncta
1149 3609 1269 3695 peritus

446 3709 593 3786 Noverit,
608 3710 775 3795 imperium
792 3711 910 3796 pagina
925 3732 1014 3775 sacra
1029 3723 1126 3775 tenet.

636 3811 665 3872 A
681 3813 799 3891 quibus
814 3815 890 3876 laus
903 3815 1022 3877 oritur.

359 3914 503 3991 Quatuor
519 3911 580 3977 ista
595 3908 698 3974 solent
715 3909 840 3976 laudem
859 3928 1011 3998 praestare
1026 3913 1157 3978 creatis:
1250 3919 1314 3977 375

449 4012 648 4098 Subjeetum,
665 4018 797 4100 speeies,
812 4015 1007 4102 artificisque
1022 4037 1144 4095 manus,

296 4152 308 4173 ο
361 4115 451 4180 Finis
467 4114 555 4189 item,
571 4114 695 4180 cunctis
711 4115 765 4200 qui
784 4119 910 4180 nomina
927 4116 1022 4181 rebus
1035 4114 1179 4201 adaptat,

448 4217 530 4280 Nam
547 4216 630 4280 bona
648 4217 695 4281 vel
714 4218 796 4281 mala
812 4233 884 4282 sunt
901 4219 1008 4281 omnia
1022 4217 1085 4281 fine
1100 4241 1170 4282 suo.

361 4318 516 4383 Materies
532 4318 628 4404 hujus
644 4321 733 4384 Deus
748 4334 807 4398 est,
823 4317 998 4405 mundique
1014 4317 1168 4404 supellex,

447 4419 535 4498 Lux,
550 4444 568 4484 a
583 4444 647 4504 qua
662 4442 771 4485 verum
789 4419 930 4500 ducitur,
945 4432 1037 4485 ornat
1052 4439 1132 4484 eam.
1252 4429 1316 4486 380
