2992 5592
428 799 488 859 130
682 809 818 854 suasura
835 807 1116 852 ssuasusurua'srs
1228 792 1313 867 [ιιιι.
1330 812 1377 856 ιιι·

425 977 458 1027 at
480 963 556 1049 quia
577 961 607 1025 ei
629 968 649 1026 a
671 960 831 1046 plerisque
852 958 987 1044 amplius
1013 959 1196 1042 derogatur,
1218 981 1259 1024 ao
1285 961 1379 1026 reha-

424 1063 829 1129 mantiuscommendatur:
846 1062 972 1126 atenim
983 1061 1028 1126 ait
1041 1061 1240 1140 Aristotcles,
1250 1069 1379 1129 omnino

424 1170 598 1247 insistenti,
611 1169 741 1230 omnino
755 1173 802 1230 eat
815 1166 1066 1229 adversandum.

427 1429 506 1514 Cap,
523 1436 552 1492 4.
579 1431 653 1503 Quo
668 1428 712 1490 sit
727 1425 886 1510 conceptio
902 1436 932 1488 et
947 1424 1071 1489 utilitas
1086 1426 1374 1504 Perierrneniorurn,

688 1526 738 1591 vel
749 1527 864 1591 rectius
881 1526 1115 1591 Perierrnenios.

471 1693 583 1757 Lmen
608 1688 904 1765 Periermeniarum,
930 1688 979 1751 vel
1005 1689 1112 1774 potius
1135 1689 1374 1764 Periermenias,

426 1796 547 1859 ratione
561 1791 775 1879 proportionis
795 1788 966 1875 syllabicus
980 1803 1040 1870 est,
1054 1790 1137 1856 sicut
1153 1790 1376 1877 praedicamen-

426 1911 532 1961 torum
556 1896 797 1960 elementarius:
828 1914 899 1956 nam
926 1891 1081 1958 elementa
1106 1893 1279 1972 rationum,
1304 1916 1376 1979 quae

425 1996 608 2081 singulatim
645 1995 743 2060 tradit
781 1994 812 2057 in
843 1995 1040 2058 sermonibus
1069 1994 1288 2082 incomplexis,
1317 1997 1376 2061 iate

424 2098 559 2183 colligit,
575 2111 607 2162 et
628 2099 659 2160 in
679 2096 811 2160 modum
832 2095 964 2181 syllabae
985 2097 1377 2183 comprehensaproducit

424 2200 465 2264 ad
482 2200 546 2263 veri
562 2199 698 2285 falsique
712 2196 983 2284 significationem.
1028 2202 1140 2266 Tantae
1153 2198 1286 2287 quidem
1302 2200 1378 2264 sub-

424 2301 550 2366 tilitatis
563 2317 612 2365 est
628 2300 757 2365 habitus
772 2301 814 2364 ab
829 2300 981 2386 antiquis,
997 2313 1034 2365 ut
1047 2302 1080 2365 in
1096 2301 1292 2387 praeconium
1307 2305 1377 2389 ejus

423 2402 617 2468 celebratum
645 2403 727 2467 serat
753 2401 914 2466 Isidorus:
940 2403 1017 2489 quia
1039 2402 1227 2469 Aristoteles
1247 2404 1377 2489 quando

423 2505 650 2572 Periermenias
661 2504 873 2590 scriptitabat,
883 2505 1034 2569 αιὶαιιιιυιι
1048 2506 1082 2569 in
1096 2516 1195 2569 niente
1206 2505 1373 2591 tinpuelot.

425 2611 586 2674 Caeterum
605 2610 653 2688 (ut
673 2630 751 2695 pace
771 2607 914 2671 omnium
935 2607 1061 2694 loquar)
1083 2607 1242 2694 quicquid
1262 2609 1295 2673 in
1316 2609 1377 2674 isto

423 2711 556 2776 docetur
580 2709 674 2788 libro,
700 2708 955 2796 compendiosius
976 2723 1008 2775 et
1034 2708 1233 2774 manifestius
1257 2711 1376 2797 poterit

423 2814 559 2901 quilibet
583 2813 763 2886 doctorum,
790 2810 876 2897 quod
903 2811 1054 2876 etmulti
1084 2811 1219 2888 faciunt,
1243 2825 1377 2899 excepta

422 2919 599 2980 reverentia
625 2914 806 2988 verborum,
833 2913 866 2975 in
892 2911 1122 2978 doctrinalibus
1147 2935 1261 3000 parare
1290 2913 1375 2980 rudi-

423 3017 547 3093 mentis,
579 3038 660 3103 quas
689 3013 940 3081 introductiones
970 3028 1102 3081 vocant:
1136 3017 1190 3080 vix
1216 3028 1266 3080 est
1290 3016 1374 3080 enim

422 3119 550 3208 aliquis,
572 3119 628 3206 qui
652 3119 721 3182 haec
743 3117 813 3203 ipsa
833 3138 894 3180 non
916 3116 1040 3194 doceat,
1063 3116 1196 3205 adjectis
1217 3116 1299 3200 aliis,
1312 3141 1374 3184 nou

424 3222 529 3287 minus
551 3221 741 3286 necessariis.
788 3222 867 3318 Hoc0
883 3220 1007 3305 utique,
1029 3221 1108 3307 quia
1129 3219 1197 3285 sine
1218 3219 1280 3302 his,
1299 3219 1377 3286 artis

421 3324 554 3386 scientia
582 3321 758 3407 comparari
785 3342 847 3384 non
873 3333 988 3406 potest.
1039 3323 1239 3387 Percurrunt
1264 3323 1373 3411 itaque

421 3421 502 3506 quid
523 3444 648 3501 nomen,
670 3422 748 3507 quid
765 3422 912 3495 verbum,
929 3422 1009 3509 quid
1032 3422 1145 3504 oratio,
1159 3443 1234 3510 quaa
1255 3425 1374 3513 specics

419 3523 500 3607 ejus,
524 3543 598 3608 quae
623 3524 704 3586 viros
727 3524 998 3601 enunciationum,
1025 3524 1103 3612 quid
1128 3548 1169 3590 ex
1194 3527 1373 3614 quantitate

420 3625 606 3700 sortiantur,
628 3638 684 3689 aut
699 3623 866 3710 qualitate,
889 3650 963 3713 quoe
977 3627 1186 3694 determinate
1201 3653 1286 3695 verae
1300 3643 1374 3695 suut

419 3739 476 3790 aut
491 3726 590 3802 falsae,
606 3749 678 3813 quoe
694 3727 814 3813 quibus
835 3729 1072 3816 aequipolleant,
1086 3751 1162 3817 quas
1176 3732 1372 3798 consentiant

419 3826 490 3907 sibi,
513 3850 590 3914 quae
614 3827 814 3906 dissentiant,
839 3854 914 3917 qum
939 3831 1114 3916 predicata
1134 3831 1274 3917 divisim,
1298 3856 1373 3922 quae

418 3929 613 4015 conjunctim
628 3930 853 4016 praedicentur,
868 3945 925 3996 aut
947 3934 1135 4010 conversim,
1150 3948 1185 4001 et
1199 3958 1276 4020 quae
1291 3959 1371 4001 non:

418 4032 493 4096 item
516 4054 591 4118 quae
612 4032 653 4096 sit
672 4046 788 4097 natura
808 4033 993 4110 modalium,
1009 4048 1042 4099 et
1064 4058 1140 4122 quae
1160 4035 1372 4123 singularium

417 4133 634 4198 contradictio.
682 4137 719 4198 ln
751 4133 800 4198 his
830 4148 937 4198 autem
968 4136 1112 4201 articulis
1140 4138 1249 4223 operia
1275 4139 1374 4228 hujus

417 4237 576 4323 praecipue
602 4258 725 4301 summa
747 4237 912 4311 consistit,
946 4236 1108 4322 habetque
1133 4238 1217 4304 sicut
1248 4255 1372 4306 senten·

416 4341 532 4404 riarum
548 4337 770 4410 subtilitatem,
787 4338 832 4401 ita
853 4360 915 4401 non
938 4338 1126 4402 mediocrem
1148 4339 1370 4408 difficultatem

415 4443 594 4505 verborum.
641 4439 796 4524 Utrisque
821 4461 894 4502 vero
915 4439 1062 4504 habenda
1083 4453 1130 4505 est
1152 4444 1273 4526 gratia,
1294 4468 1372 4531 quo-
