<?xml version="1.0" encoding="UTF-8"?>
<!DOCTYPE html PUBLIC "-//W3C//DTD XHTML 1.0 Transitional//EN"
    "http://www.w3.org/TR/xhtml1/DTD/xhtml1-transitional.dtd">
<html xmlns="http://www.w3.org/1999/xhtml" xml:lang="en" lang="en">
 <head>
  <title>
</title>
<meta http-equiv="Content-Type" content="text/html;charset=utf-8" />
  <meta name='ocr-system' content='tesseract 3.04.00' />
  <meta name='ocr-capabilities' content='ocr_page ocr_carea ocr_par ocr_line ocrx_word'/>
</head>
<body>
  <div class='ocr_page' id='page_1' title='image "./joannissaresber15johngoog_0087.png"; bbox 0 0 2992 5592; ppageno 0'>
   <div class='ocr_carea' id='block_1_1' title="bbox 282 785 1228 869">
    <p class='ocr_par' dir='ltr' id='par_1_1' title="bbox 282 785 1228 869">
     <span class='ocr_line' id='line_1_1' title="bbox 282 785 1228 869; baseline 0 -17"><span class='ocrx_word' id='word_1_1' title='bbox 282 806 344 852; x_wconf 81' lang='lat' dir='ltr'>cae.</span> <span class='ocrx_word' id='word_1_2' title='bbox 360 785 437 869; x_wconf 78' lang='lat' dir='ltr'>vin]</span> <span class='ocrx_word' id='word_1_3' title='bbox 630 805 872 852; x_wconf 76' lang='lat' dir='ltr'>unrrnonrcna.</span> <span class='ocrx_word' id='word_1_4' title='bbox 1187 795 1228 852; x_wconf 79' lang='lat'>7³</span> 
     </span>
    </p>
   </div>
   <div class='ocr_carea' id='block_1_2' title="bbox 271 953 1229 2256">
    <p class='ocr_par' dir='ltr' id='par_1_2' title="bbox 271 953 1229 2256">
     <span class='ocr_line' id='line_1_2' title="bbox 277 953 1228 1044; baseline 0.001 -23"><span class='ocrx_word' id='word_1_5' title='bbox 277 956 453 1044; x_wconf 86' lang='lat' dir='ltr'>plenissime</span> <span class='ocrx_word' id='word_1_6' title='bbox 482 953 690 1021; x_wconf 79' lang='lat' dir='ltr'><strong>convalescat.</strong></span> <span class='ocrx_word' id='word_1_7' title='bbox 734 960 835 1022; x_wconf 90' lang='lat' dir='ltr'>Porro</span> <span class='ocrx_word' id='word_1_8' title='bbox 860 957 892 1021; x_wconf 90' lang='lat' dir='ltr'>in</span> <span class='ocrx_word' id='word_1_9' title='bbox 922 955 1080 1033; x_wconf 89' lang='lat' dir='ltr'>civilibus,</span> <span class='ocrx_word' id='word_1_10' title='bbox 1107 977 1228 1042; x_wconf 82' lang='lat' dir='ltr'>usque·</span> 
     </span>
     <span class='ocr_line' id='line_1_3' title="bbox 275 1057 1228 1146; baseline -0.002 -23"><span class='ocrx_word' id='word_1_11' title='bbox 275 1081 400 1146; x_wconf 89' lang='lat' dir='ltr'>quaque</span> <span class='ocrx_word' id='word_1_12' title='bbox 417 1057 581 1146; x_wconf 85' lang='lat' dir='ltr'>justitiam</span> <span class='ocrx_word' id='word_1_13' title='bbox 606 1078 750 1144; x_wconf 82' lang='lat' dir='ltr'>sequere,</span> <span class='ocrx_word' id='word_1_14' title='bbox 773 1072 804 1124; x_wconf 87' lang='lat' dir='ltr'>te</span> <span class='ocrx_word' id='word_1_15' title='bbox 826 1058 992 1123; x_wconf 83' lang='lat' dir='ltr'>amabilem</span> <span class='ocrx_word' id='word_1_16' title='bbox 1010 1057 1158 1122; x_wconf 88' lang='lat' dir='ltr'>omnibus</span> <span class='ocrx_word' id='word_1_17' title='bbox 1180 1058 1228 1122; x_wconf 84' lang='lat' dir='ltr'>fa-</span> 
     </span>
     <span class='ocr_line' id='line_1_4' title="bbox 274 1157 1226 1246; baseline -0.004 -22"><span class='ocrx_word' id='word_1_18' title='bbox 274 1160 345 1238; x_wconf 87' lang='lat' dir='ltr'>cito,</span> <span class='ocrx_word' id='word_1_19' title='bbox 361 1173 395 1224; x_wconf 89' lang='lat' dir='ltr'>ct</span> <span class='ocrx_word' id='word_1_20' title='bbox 410 1160 512 1246; x_wconf 84' lang='lat' dir='ltr'>juxta</span> <span class='ocrx_word' id='word_1_21' title='bbox 525 1157 692 1232; x_wconf 88' lang='lat' dir='ltr'>comicum,</span> <span class='ocrx_word' id='word_1_22' title='bbox 708 1161 776 1222; x_wconf 90' lang='lat' dir='ltr'>sine</span> <span class='ocrx_word' id='word_1_23' title='bbox 794 1158 913 1222; x_wconf 89' lang='lat' dir='ltr'>invidia</span> <span class='ocrx_word' id='word_1_24' title='bbox 930 1157 1055 1223; x_wconf 91' lang='lat' dir='ltr'>laudem</span> <span class='ocrx_word' id='word_1_25' title='bbox 1073 1158 1226 1232; x_wconf 89' lang='lat' dir='ltr'>invenias,</span> 
     </span>
     <span class='ocr_line' id='line_1_5' title="bbox 273 1257 1226 1346; baseline -0.005 -20"><span class='ocrx_word' id='word_1_26' title='bbox 273 1273 303 1326; x_wconf 90' lang='lat' dir='ltr'>et</span> <span class='ocrx_word' id='word_1_27' title='bbox 317 1260 438 1326; x_wconf 89' lang='lat' dir='ltr'>amicos</span> <span class='ocrx_word' id='word_1_28' title='bbox 452 1281 555 1346; x_wconf 83' lang='lat' dir='ltr'>pares.</span> <span class='ocrx_word' id='word_1_29' title='bbox 593 1259 678 1336; x_wconf 86' lang='lat' dir='ltr'>Quid</span> <span class='ocrx_word' id='word_1_30' title='bbox 696 1259 818 1325; x_wconf 82' lang='lat' dir='ltr'>multa?</span> <span class='ocrx_word' id='word_1_31' title='bbox 848 1263 884 1324; x_wconf 89' lang='lat' dir='ltr'>ln</span> <span class='ocrx_word' id='word_1_32' title='bbox 900 1259 1049 1324; x_wconf 87' lang='lat' dir='ltr'>omnibus</span> <span class='ocrx_word' id='word_1_33' title='bbox 1064 1257 1161 1322; x_wconf 90' lang='lat' dir='ltr'>indue</span> <span class='ocrx_word' id='word_1_34' title='bbox 1175 1280 1226 1322; x_wconf 85' lang='lat' dir='ltr'>ca-</span> 
     </span>
     <span class='ocr_line' id='line_1_6' title="bbox 271 1360 1225 1448; baseline -0.004 -22"><span class='ocrx_word' id='word_1_35' title='bbox 271 1363 416 1428; x_wconf 87' lang='lat' dir='ltr'>ritatem:</span> <span class='ocrx_word' id='word_1_36' title='bbox 444 1384 516 1426; x_wconf 85' lang='lat' dir='ltr'>nam</span> <span class='ocrx_word' id='word_1_37' title='bbox 541 1373 574 1425; x_wconf 89' lang='lat' dir='ltr'>et</span> <span class='ocrx_word' id='word_1_38' title='bbox 600 1360 676 1424; x_wconf 89' lang='lat' dir='ltr'>mibi</span> <span class='ocrx_word' id='word_1_39' title='bbox 700 1361 733 1425; x_wconf 89' lang='lat' dir='ltr'>in</span> <span class='ocrx_word' id='word_1_40' title='bbox 756 1376 904 1448; x_wconf 91' lang='lat' dir='ltr'>promptu</span> <span class='ocrx_word' id='word_1_41' title='bbox 929 1373 977 1426; x_wconf 86' lang='lat' dir='ltr'>est</span> <span class='ocrx_word' id='word_1_42' title='bbox 999 1383 1076 1425; x_wconf 89' lang='lat' dir='ltr'>usus</span> <span class='ocrx_word' id='word_1_43' title='bbox 1098 1360 1225 1436; x_wconf 89' lang='lat' dir='ltr'>horum,</span> 
     </span>
     <span class='ocr_line' id='line_1_7' title="bbox 272 1460 1228 1551; baseline -0.005 -23"><span class='ocrx_word' id='word_1_44' title='bbox 272 1464 352 1529; x_wconf 88' lang='lat' dir='ltr'>sicut</span> <span class='ocrx_word' id='word_1_45' title='bbox 379 1464 426 1528; x_wconf 88' lang='lat' dir='ltr'>eis</span> <span class='ocrx_word' id='word_1_46' title='bbox 448 1462 636 1529; x_wconf 82' lang='lat' dir='ltr'>exercitium</span> <span class='ocrx_word' id='word_1_47' title='bbox 663 1463 910 1551; x_wconf 78' lang='lat' dir='ltr'>praemissorum.</span> <span class='ocrx_word' id='word_1_48' title='bbox 963 1464 1015 1526; x_wconf 83' lang='lat' dir='ltr'>Eo</span> <span class='ocrx_word' id='word_1_49' title='bbox 1037 1484 1114 1546; x_wconf 85' lang='lat' dir='ltr'>ergo</span> <span class='ocrx_word' id='word_1_50' title='bbox 1136 1460 1228 1524; x_wconf 91' lang='lat' dir='ltr'>mise·</span> 
     </span>
     <span class='ocr_line' id='line_1_8' title="bbox 271 1564 1226 1649; baseline -0.005 -21"><span class='ocrx_word' id='word_1_51' title='bbox 271 1564 436 1629; x_wconf 86' lang='lat' dir='ltr'>rabiliores</span> <span class='ocrx_word' id='word_1_52' title='bbox 457 1577 544 1641; x_wconf 90' lang='lat' dir='ltr'>sunt,</span> <span class='ocrx_word' id='word_1_53' title='bbox 569 1587 635 1649; x_wconf 90' lang='lat' dir='ltr'>quo</span> <span class='ocrx_word' id='word_1_54' title='bbox 659 1564 813 1629; x_wconf 89' lang='lat' dir='ltr'>miseriam</span> <span class='ocrx_word' id='word_1_55' title='bbox 838 1587 927 1628; x_wconf 90' lang='lat' dir='ltr'>suam</span> <span class='ocrx_word' id='word_1_56' title='bbox 945 1585 1008 1627; x_wconf 90' lang='lat' dir='ltr'>nou</span> <span class='ocrx_word' id='word_1_57' title='bbox 1032 1573 1226 1647; x_wconf 57' lang='lat' dir='ltr'>agnoscerem</span> 
     </span>
     <span class='ocr_line' id='line_1_9' title="bbox 271 1658 1226 1748; baseline -0.003 -21"><span class='ocrx_word' id='word_1_58' title='bbox 271 1661 348 1728; x_wconf 92' lang='lat' dir='ltr'>dum</span> <span class='ocrx_word' id='word_1_59' title='bbox 363 1661 484 1748; x_wconf 88' lang='lat' dir='ltr'>seipsos</span> <span class='ocrx_word' id='word_1_60' title='bbox 498 1658 626 1736; x_wconf 80' lang='lat' dir='ltr'>fallunt,</span> <span class='ocrx_word' id='word_1_61' title='bbox 642 1662 676 1725; x_wconf 91' lang='lat' dir='ltr'>id</span> <span class='ocrx_word' id='word_1_62' title='bbox 692 1675 823 1747; x_wconf 84' lang='lat' dir='ltr'>agentes</span> <span class='ocrx_word' id='word_1_63' title='bbox 838 1662 870 1725; x_wconf 88' lang='lat' dir='ltr'>in</span> <span class='ocrx_word' id='word_1_64' title='bbox 889 1661 996 1727; x_wconf 87' lang='lat' dir='ltr'>studio</span> <span class='ocrx_word' id='word_1_65' title='bbox 1019 1660 1174 1740; x_wconf 88' lang='lat' dir='ltr'>veritatis,</span> <span class='ocrx_word' id='word_1_66' title='bbox 1189 1674 1226 1725; x_wconf 91' lang='lat' dir='ltr'>ut</span> 
     </span>
     <span class='ocr_line' id='line_1_10' title="bbox 271 1761 1229 1848; baseline -0.003 -22"><span class='ocrx_word' id='word_1_67' title='bbox 271 1763 348 1827; x_wconf 88' lang='lat' dir='ltr'>nihil</span> <span class='ocrx_word' id='word_1_68' title='bbox 365 1763 483 1827; x_wconf 82' lang='lat' dir='ltr'>sciant:</span> <span class='ocrx_word' id='word_1_69' title='bbox 506 1762 708 1848; x_wconf 90' lang='lat' dir='ltr'>nequeenim</span> <span class='ocrx_word' id='word_1_70' title='bbox 725 1785 744 1826; x_wconf 94' lang='lat' dir='ltr'>a</span> <span class='ocrx_word' id='word_1_71' title='bbox 759 1762 858 1838; x_wconf 87' lang='lat' dir='ltr'>fideli,</span> <span class='ocrx_word' id='word_1_72' title='bbox 874 1762 933 1826; x_wconf 86' lang='lat' dir='ltr'>nisi</span> <span class='ocrx_word' id='word_1_73' title='bbox 955 1761 1145 1826; x_wconf 88' lang='lat' dir='ltr'>humilitatis</span> <span class='ocrx_word' id='word_1_74' title='bbox 1165 1761 1229 1839; x_wconf 84' lang='lat' dir='ltr'>ria,</span> 
     </span>
     <span class='ocr_line' id='line_1_11' title="bbox 271 1861 1227 1950; baseline -0.004 -22"><span class='ocrx_word' id='word_1_75' title='bbox 271 1863 429 1950; x_wconf 82' lang='lat' dir='ltr'>quaeritur</span> <span class='ocrx_word' id='word_1_76' title='bbox 448 1863 575 1926; x_wconf 86' lang='lat' dir='ltr'>veritas.</span> <span class='ocrx_word' id='word_1_77' title='bbox 621 1862 673 1926; x_wconf 91' lang='lat' dir='ltr'>Sic</span> <span class='ocrx_word' id='word_1_78' title='bbox 695 1862 821 1927; x_wconf 79' lang='lat' dir='ltr'>Pilatus</span> <span class='ocrx_word' id='word_1_79' title='bbox 843 1862 988 1927; x_wconf 87' lang='lat' dir='ltr'>veritatis</span> <span class='ocrx_word' id='word_1_80' title='bbox 1007 1861 1118 1926; x_wconf 87' lang='lat' dir='ltr'>audita</span> <span class='ocrx_word' id='word_1_81' title='bbox 1141 1882 1227 1924; x_wconf 91' lang='lat' dir='ltr'>men-</span> 
     </span>
     <span class='ocr_line' id='line_1_12' title="bbox 271 1961 1224 2050; baseline -0.004 -22"><span class='ocrx_word' id='word_1_82' title='bbox 271 1965 367 2045; x_wconf 87' lang='lat' dir='ltr'>tione,</span> <span class='ocrx_word' id='word_1_83' title='bbox 381 1962 461 2050; x_wconf 90' lang='lat' dir='ltr'>quid</span> <span class='ocrx_word' id='word_1_84' title='bbox 477 1977 558 2028; x_wconf 86' lang='lat' dir='ltr'>esset</span> <span class='ocrx_word' id='word_1_85' title='bbox 574 1962 796 2048; x_wconf 83' lang='lat' dir='ltr'>interrogavit:</span> <span class='ocrx_word' id='word_1_86' title='bbox 821 1961 877 2026; x_wconf 83' lang='lat' dir='ltr'>aad</span> <span class='ocrx_word' id='word_1_87' title='bbox 894 1962 1065 2028; x_wconf 77' lang='lat' dir='ltr'>infidelitas</span> <span class='ocrx_word' id='word_1_88' title='bbox 1080 1984 1224 2049; x_wconf 65' lang='lat' dir='ltr'>quaereu-</span> 
     </span>
     <span class='ocr_line' id='line_1_13' title="bbox 274 2063 1229 2151; baseline -0.002 -22"><span class='ocrx_word' id='word_1_89' title='bbox 274 2064 314 2129; x_wconf 88' lang='lat' dir='ltr'>tis</span> <span class='ocrx_word' id='word_1_90' title='bbox 326 2066 407 2151; x_wconf 82' lang='lat' dir='ltr'>egit,</span> <span class='ocrx_word' id='word_1_91' title='bbox 418 2078 455 2130; x_wconf 91' lang='lat' dir='ltr'>ut</span> <span class='ocrx_word' id='word_1_92' title='bbox 471 2063 635 2130; x_wconf 87' lang='lat' dir='ltr'>docentem</span> <span class='ocrx_word' id='word_1_93' title='bbox 651 2078 725 2130; x_wconf 87' lang='lat' dir='ltr'>ante</span> <span class='ocrx_word' id='word_1_94' title='bbox 741 2065 886 2130; x_wconf 87' lang='lat' dir='ltr'>tumidus</span> <span class='ocrx_word' id='word_1_95' title='bbox 900 2063 1072 2130; x_wconf 84' lang='lat' dir='ltr'>declinaret</span> <span class='ocrx_word' id='word_1_96' title='bbox 1086 2063 1229 2144; x_wconf 82' lang='lat' dir='ltr'>auditor,</span> 
     </span>
     <span class='ocr_line' id='line_1_14' title="bbox 271 2165 1088 2256; baseline 0.001 -27"><span class='ocrx_word' id='word_1_97' title='bbox 271 2188 366 2252; x_wconf 91' lang='lat' dir='ltr'>quam</span> <span class='ocrx_word' id='word_1_98' title='bbox 383 2187 482 2231; x_wconf 79' lang='lat' dir='ltr'>sacrae</span> <span class='ocrx_word' id='word_1_99' title='bbox 497 2165 709 2256; x_wconf 84' lang='lat' dir='ltr'>responsionis</span> <span class='ocrx_word' id='word_1_100' title='bbox 724 2165 937 2231; x_wconf 81' lang='lat' dir='ltr'>instrueretur</span> <span class='ocrx_word' id='word_1_101' title='bbox 950 2165 1088 2230; x_wconf 85' lang='lat' dir='ltr'>oraculo.</span> 
     </span>
    </p>
   </div>
   <div class='ocr_carea' id='block_1_3' title="bbox 330 2421 1165 2606">
    <p class='ocr_par' dir='ltr' id='par_1_3' title="bbox 330 2421 1165 2606">
     <span class='ocr_line' id='line_1_15' title="bbox 330 2421 1165 2508; baseline 0.005 -23"><span class='ocrx_word' id='word_1_102' title='bbox 330 2421 410 2508; x_wconf 90' lang='lat' dir='ltr'>Cap.</span> <span class='ocrx_word' id='word_1_103' title='bbox 427 2429 456 2487; x_wconf 85' lang='grc'>7.</span> <span class='ocrx_word' id='word_1_104' title='bbox 482 2422 577 2491; x_wconf 77' lang='lat' dir='ltr'>Quod</span> <span class='ocrx_word' id='word_1_105' title='bbox 589 2425 780 2508; x_wconf 75' lang='lat' dir='ltr'>nupiloquoa</span> <span class='ocrx_word' id='word_1_106' title='bbox 793 2427 999 2489; x_wconf 73' lang='lat' dir='ltr'>ventilatores</span> <span class='ocrx_word' id='word_1_107' title='bbox 1013 2426 1165 2489; x_wconf 81' lang='lat' dir='ltr'>dedoceri</span> 
     </span>
     <span class='ocr_line' id='line_1_16' title="bbox 586 2528 904 2606; baseline 0.013 -21"><span class='ocrx_word' id='word_1_108' title='bbox 586 2533 722 2606; x_wconf 84' lang='lat' dir='ltr'>oportet,</span> <span class='ocrx_word' id='word_1_109' title='bbox 736 2533 772 2588; x_wconf 80' lang='lat' dir='ltr'>ut</span> <span class='ocrx_word' id='word_1_110' title='bbox 787 2528 904 2589; x_wconf 74' lang='lat' dir='ltr'>sciant.</span> 
     </span>
    </p>
   </div>
   <div class='ocr_carea' id='block_1_4' title="bbox 266 2681 1257 4489">
    <p class='ocr_par' dir='ltr' id='par_1_4' title="bbox 266 2681 1257 4489">
     <span class='ocr_line' id='line_1_17' title="bbox 316 2681 1227 2767; baseline -0.003 -22"><span class='ocrx_word' id='word_1_111' title='bbox 316 2681 392 2748; x_wconf 79' lang='lat' dir='ltr'>Non</span> <span class='ocrx_word' id='word_1_112' title='bbox 414 2694 533 2760; x_wconf 88' lang='lat' dir='ltr'>tamen,</span> <span class='ocrx_word' id='word_1_113' title='bbox 549 2694 585 2746; x_wconf 93' lang='lat' dir='ltr'>ut</span> <span class='ocrx_word' id='word_1_114' title='bbox 607 2685 639 2745; x_wconf 92' lang='lat' dir='ltr'>in</span> <span class='ocrx_word' id='word_1_115' title='bbox 663 2681 811 2767; x_wconf 83' lang='lat' dir='ltr'>Logicam</span> <span class='ocrx_word' id='word_1_116' title='bbox 833 2683 977 2758; x_wconf 86' lang='lat' dir='ltr'>invehar,</span> <span class='ocrx_word' id='word_1_117' title='bbox 993 2682 1061 2745; x_wconf 82' lang='lat' dir='ltr'>haec</span> <span class='ocrx_word' id='word_1_118' title='bbox 1080 2702 1227 2767; x_wconf 87' lang='lat' dir='ltr'>propono</span> 
     </span>
     <span class='ocr_line' id='line_1_18' title="bbox 275 2778 1228 2868; baseline -0.005 -19"><span class='ocrx_word' id='word_1_119' title='bbox 275 2784 417 2862; x_wconf 82' lang='lat' dir='ltr'>(scientia</span> <span class='ocrx_word' id='word_1_120' title='bbox 439 2785 523 2847; x_wconf 90' lang='lat' dir='ltr'>enim</span> <span class='ocrx_word' id='word_1_121' title='bbox 541 2781 688 2868; x_wconf 87' lang='lat' dir='ltr'>jucunda</span> <span class='ocrx_word' id='word_1_122' title='bbox 707 2796 767 2861; x_wconf 91' lang='lat' dir='ltr'>eat,</span> <span class='ocrx_word' id='word_1_123' title='bbox 783 2795 815 2848; x_wconf 89' lang='lat' dir='ltr'>et</span> <span class='ocrx_word' id='word_1_124' title='bbox 836 2783 1011 2860; x_wconf 81' lang='lat' dir='ltr'>fructuosa)</span> <span class='ocrx_word' id='word_1_125' title='bbox 1029 2781 1082 2846; x_wconf 88' lang='lat' dir='ltr'>sed</span> <span class='ocrx_word' id='word_1_126' title='bbox 1105 2792 1142 2845; x_wconf 92' lang='lat' dir='ltr'>ut</span> <span class='ocrx_word' id='word_1_127' title='bbox 1161 2778 1228 2844; x_wconf 89' lang='lat' dir='ltr'>illis</span> 
     </span>
     <span class='ocr_line' id='line_1_19' title="bbox 271 2881 1225 2971; baseline -0.002 -24"><span class='ocrx_word' id='word_1_128' title='bbox 271 2906 339 2948; x_wconf 83' lang='lat' dir='ltr'>eam</span> <span class='ocrx_word' id='word_1_129' title='bbox 354 2885 479 2971; x_wconf 89' lang='lat' dir='ltr'>liqueat</span> <span class='ocrx_word' id='word_1_130' title='bbox 502 2906 564 2948; x_wconf 93' lang='lat' dir='ltr'>non</span> <span class='ocrx_word' id='word_1_131' title='bbox 587 2883 709 2964; x_wconf 89' lang='lat' dir='ltr'>adesse,</span> <span class='ocrx_word' id='word_1_132' title='bbox 722 2883 780 2971; x_wconf 90' lang='lat' dir='ltr'>qui</span> <span class='ocrx_word' id='word_1_133' title='bbox 803 2884 941 2949; x_wconf 89' lang='lat' dir='ltr'>clamant</span> <span class='ocrx_word' id='word_1_134' title='bbox 963 2884 996 2949; x_wconf 90' lang='lat' dir='ltr'>in</span> <span class='ocrx_word' id='word_1_135' title='bbox 1018 2881 1177 2970; x_wconf 89' lang='lat' dir='ltr'>compitis,</span> <span class='ocrx_word' id='word_1_136' title='bbox 1191 2895 1225 2945; x_wconf 93' lang='lat' dir='ltr'>et</span> 
     </span>
     <span class='ocr_line' id='line_1_20' title="bbox 269 2984 1225 3072; baseline -0.004 -24"><span class='ocrx_word' id='word_1_137' title='bbox 269 2985 304 3051; x_wconf 92' lang='lat' dir='ltr'>in</span> <span class='ocrx_word' id='word_1_138' title='bbox 326 2985 430 3050; x_wconf 82' lang='lat' dir='ltr'>triviis</span> <span class='ocrx_word' id='word_1_139' title='bbox 451 2985 582 3064; x_wconf 91' lang='lat' dir='ltr'>docent,</span> <span class='ocrx_word' id='word_1_140' title='bbox 601 2996 634 3050; x_wconf 90' lang='lat' dir='ltr'>et</span> <span class='ocrx_word' id='word_1_141' title='bbox 655 2985 687 3049; x_wconf 92' lang='lat' dir='ltr'>in</span> <span class='ocrx_word' id='word_1_142' title='bbox 708 3009 757 3064; x_wconf 89' lang='lat' dir='ltr'>ea,</span> <span class='ocrx_word' id='word_1_143' title='bbox 780 3008 878 3072; x_wconf 88' lang='lat' dir='ltr'>quam</span> <span class='ocrx_word' id='word_1_144' title='bbox 901 2986 998 3050; x_wconf 91' lang='lat' dir='ltr'>solam</span> <span class='ocrx_word' id='word_1_145' title='bbox 1021 2984 1225 3071; x_wconf 85' lang='lat' dir='ltr'>profitentur,</span> 
     </span>
     <span class='ocr_line' id='line_1_21' title="bbox 272 3086 1226 3168; baseline -0.005 -17"><span class='ocrx_word' id='word_1_146' title='bbox 272 3109 336 3152; x_wconf 91' lang='lat' dir='ltr'>non</span> <span class='ocrx_word' id='word_1_147' title='bbox 351 3086 551 3168; x_wconf 88' lang='lat' dir='ltr'>decennium,</span> <span class='ocrx_word' id='word_1_148' title='bbox 572 3100 629 3153; x_wconf 89' lang='lat' dir='ltr'>aut</span> <span class='ocrx_word' id='word_1_149' title='bbox 643 3088 837 3166; x_wconf 86' lang='lat' dir='ltr'>vicennium,</span> <span class='ocrx_word' id='word_1_150' title='bbox 858 3089 914 3153; x_wconf 90' lang='lat' dir='ltr'>sed</span> <span class='ocrx_word' id='word_1_151' title='bbox 936 3099 1035 3152; x_wconf 89' lang='lat' dir='ltr'>totam</span> <span class='ocrx_word' id='word_1_152' title='bbox 1058 3105 1226 3168; x_wconf 85' lang='lat' dir='ltr'>consump-</span> 
     </span>
     <span class='ocr_line' id='line_1_22' title="bbox 273 3185 1225 3276; baseline -0.004 -24"><span class='ocrx_word' id='word_1_153' title='bbox 273 3200 385 3253; x_wconf 88' lang='lat' dir='ltr'>serunt</span> <span class='ocrx_word' id='word_1_154' title='bbox 400 3201 539 3254; x_wconf 69' lang='lat' dir='ltr'>aetatem.</span> <span class='ocrx_word' id='word_1_155' title='bbox 584 3190 668 3254; x_wconf 91' lang='lat' dir='ltr'>Nam</span> <span class='ocrx_word' id='word_1_156' title='bbox 683 3205 715 3254; x_wconf 93' lang='lat' dir='ltr'>et</span> <span class='ocrx_word' id='word_1_157' title='bbox 729 3212 831 3276; x_wconf 91' lang='lat' dir='ltr'>quum</span> <span class='ocrx_word' id='word_1_158' title='bbox 849 3204 994 3254; x_wconf 86' lang='lat' dir='ltr'>senectus</span> <span class='ocrx_word' id='word_1_159' title='bbox 1008 3185 1143 3272; x_wconf 83' lang='lat' dir='ltr'>ingruit,</span> <span class='ocrx_word' id='word_1_160' title='bbox 1158 3207 1225 3249; x_wconf 92' lang='lat' dir='ltr'>cor-</span> 
     </span>
     <span class='ocr_line' id='line_1_23' title="bbox 271 3290 1225 3375; baseline -0.003 -21"><span class='ocrx_word' id='word_1_161' title='bbox 271 3311 333 3375; x_wconf 87' lang='lat' dir='ltr'>pus</span> <span class='ocrx_word' id='word_1_162' title='bbox 357 3303 501 3368; x_wconf 86' lang='lat' dir='ltr'>enervat,</span> <span class='ocrx_word' id='word_1_163' title='bbox 527 3312 676 3355; x_wconf 90' lang='lat' dir='ltr'>sensuum</span> <span class='ocrx_word' id='word_1_164' title='bbox 700 3291 845 3356; x_wconf 86' lang='lat' dir='ltr'>retundit</span> <span class='ocrx_word' id='word_1_165' title='bbox 870 3290 1027 3372; x_wconf 90' lang='lat' dir='ltr'>acumina,</span> <span class='ocrx_word' id='word_1_166' title='bbox 1052 3301 1085 3353; x_wconf 90' lang='lat' dir='ltr'>et</span> <span class='ocrx_word' id='word_1_167' title='bbox 1106 3310 1225 3375; x_wconf 78' lang='lat' dir='ltr'>praece-</span> 
     </span>
     <span class='ocr_line' id='line_1_24' title="bbox 269 3389 1225 3478; baseline -0.002 -24"><span class='ocrx_word' id='word_1_168' title='bbox 269 3390 381 3455; x_wconf 89' lang='lat' dir='ltr'>dentes</span> <span class='ocrx_word' id='word_1_169' title='bbox 394 3391 576 3477; x_wconf 85' lang='lat' dir='ltr'>comprimit</span> <span class='ocrx_word' id='word_1_170' title='bbox 588 3392 782 3478; x_wconf 88' lang='lat' dir='ltr'>voluptates,</span> <span class='ocrx_word' id='word_1_171' title='bbox 797 3396 864 3456; x_wconf 90' lang='lat' dir='ltr'>sola</span> <span class='ocrx_word' id='word_1_172' title='bbox 879 3392 947 3457; x_wconf 79' lang='lat' dir='ltr'>brec</span> <span class='ocrx_word' id='word_1_173' title='bbox 962 3392 993 3456; x_wconf 92' lang='lat' dir='ltr'>in</span> <span class='ocrx_word' id='word_1_174' title='bbox 1009 3411 1064 3456; x_wconf 88' lang='lat' dir='ltr'>ora</span> <span class='ocrx_word' id='word_1_175' title='bbox 1076 3389 1225 3469; x_wconf 82' lang='lat' dir='ltr'>volvitur,</span> 
     </span>
     <span class='ocr_line' id='line_1_25' title="bbox 270 3491 1224 3580; baseline 0.002 -26"><span class='ocrx_word' id='word_1_176' title='bbox 270 3505 417 3557; x_wconf 87' lang='lat' dir='ltr'>versatur</span> <span class='ocrx_word' id='word_1_177' title='bbox 431 3493 464 3556; x_wconf 92' lang='lat' dir='ltr'>in</span> <span class='ocrx_word' id='word_1_178' title='bbox 481 3491 638 3569; x_wconf 89' lang='lat' dir='ltr'>manibus,</span> <span class='ocrx_word' id='word_1_179' title='bbox 655 3506 686 3557; x_wconf 92' lang='lat' dir='ltr'>et</span> <span class='ocrx_word' id='word_1_180' title='bbox 701 3491 771 3558; x_wconf 89' lang='lat' dir='ltr'>aliis</span> <span class='ocrx_word' id='word_1_181' title='bbox 785 3495 934 3559; x_wconf 93' lang='lat' dir='ltr'>omnibus</span> <span class='ocrx_word' id='word_1_182' title='bbox 949 3493 1064 3559; x_wconf 86' lang='lat' dir='ltr'>studiis</span> <span class='ocrx_word' id='word_1_183' title='bbox 1078 3492 1224 3580; x_wconf 84' lang='lat' dir='ltr'>praeripit</span> 
     </span>
     <span class='ocr_line' id='line_1_26' title="bbox 269 3592 1224 3680; baseline 0.002 -23"><span class='ocrx_word' id='word_1_184' title='bbox 269 3592 386 3658; x_wconf 89' lang='lat' dir='ltr'>locum.</span> <span class='ocrx_word' id='word_1_185' title='bbox 432 3595 532 3660; x_wconf 87' lang='lat' dir='ltr'>Fiunt</span> <span class='ocrx_word' id='word_1_186' title='bbox 548 3596 658 3680; x_wconf 89' lang='lat' dir='ltr'>itaque</span> <span class='ocrx_word' id='word_1_187' title='bbox 673 3595 706 3658; x_wconf 94' lang='lat' dir='ltr'>in</span> <span class='ocrx_word' id='word_1_188' title='bbox 723 3595 903 3680; x_wconf 87' lang='lat' dir='ltr'>puerilibus</span> <span class='ocrx_word' id='word_1_189' title='bbox 920 3595 1098 3662; x_wconf 86' lang='lat' dir='ltr'>Academici</span> <span class='ocrx_word' id='word_1_190' title='bbox 1114 3598 1224 3671; x_wconf 89' lang='lat' dir='ltr'>Senes,</span> 
     </span>
     <span class='ocr_line' id='line_1_27' title="bbox 269 3695 1225 3783; baseline -0.001 -24"><span class='ocrx_word' id='word_1_191' title='bbox 269 3718 395 3759; x_wconf 89' lang='lat' dir='ltr'>omnem</span> <span class='ocrx_word' id='word_1_192' title='bbox 410 3696 582 3773; x_wconf 89' lang='lat' dir='ltr'>dictorum,</span> <span class='ocrx_word' id='word_1_193' title='bbox 595 3709 652 3760; x_wconf 90' lang='lat' dir='ltr'>aut</span> <span class='ocrx_word' id='word_1_194' title='bbox 668 3700 860 3783; x_wconf 88' lang='lat' dir='ltr'>scriptorum</span> <span class='ocrx_word' id='word_1_195' title='bbox 877 3699 1045 3763; x_wconf 87' lang='lat' dir='ltr'>excutiunt</span> <span class='ocrx_word' id='word_1_196' title='bbox 1057 3695 1225 3781; x_wconf 84' lang='lat' dir='ltr'>syllabam,</span> 
     </span>
     <span class='ocr_line' id='line_1_28' title="bbox 269 3798 1225 3886; baseline -0.001 -25"><span class='ocrx_word' id='word_1_197' title='bbox 269 3798 334 3862; x_wconf 92' lang='lat' dir='ltr'>imo</span> <span class='ocrx_word' id='word_1_198' title='bbox 347 3811 381 3863; x_wconf 88' lang='lat' dir='ltr'>et</span> <span class='ocrx_word' id='word_1_199' title='bbox 398 3798 540 3873; x_wconf 89' lang='lat' dir='ltr'>literam;</span> <span class='ocrx_word' id='word_1_200' title='bbox 562 3799 747 3864; x_wconf 83' lang='lat' dir='ltr'>dubitantes</span> <span class='ocrx_word' id='word_1_201' title='bbox 762 3799 801 3862; x_wconf 91' lang='lat' dir='ltr'>ad</span> <span class='ocrx_word' id='word_1_202' title='bbox 818 3800 936 3879; x_wconf 90' lang='lat' dir='ltr'>omnia,</span> <span class='ocrx_word' id='word_1_203' title='bbox 949 3812 1131 3886; x_wconf 76' lang='lat' dir='ltr'>quaerentes</span> <span class='ocrx_word' id='word_1_204' title='bbox 1146 3820 1225 3860; x_wconf 89' lang='lat' dir='ltr'>sem-</span> 
     </span>
     <span class='ocr_line' id='line_1_29' title="bbox 269 3899 1224 3986; baseline -0.001 -24"><span class='ocrx_word' id='word_1_205' title='bbox 269 3920 336 3984; x_wconf 88' lang='lat' dir='ltr'>per,</span> <span class='ocrx_word' id='word_1_206' title='bbox 352 3899 409 3963; x_wconf 85' lang='lat' dir='ltr'>aed</span> <span class='ocrx_word' id='word_1_207' title='bbox 425 3920 590 3985; x_wconf 91' lang='lat' dir='ltr'>nunquam</span> <span class='ocrx_word' id='word_1_208' title='bbox 608 3899 648 3963; x_wconf 96' lang='lat' dir='ltr'>ad</span> <span class='ocrx_word' id='word_1_209' title='bbox 665 3899 827 3963; x_wconf 89' lang='lat' dir='ltr'>scientiam</span> <span class='ocrx_word' id='word_1_210' title='bbox 844 3899 1082 3986; x_wconf 85' lang='lat' dir='ltr'>pervenientes:</span> <span class='ocrx_word' id='word_1_211' title='bbox 1106 3915 1139 3963; x_wconf 86' lang='lat' dir='ltr'>et</span> <span class='ocrx_word' id='word_1_212' title='bbox 1155 3911 1224 3962; x_wconf 90' lang='lat' dir='ltr'>tan-</span> 
     </span>
     <span class='ocr_line' id='line_1_30' title="bbox 268 3998 1257 4086; baseline -0.004 -23"><span class='ocrx_word' id='word_1_213' title='bbox 268 3999 339 4064; x_wconf 89' lang='lat' dir='ltr'>dem</span> <span class='ocrx_word' id='word_1_214' title='bbox 379 4013 615 4066; x_wconf 85' lang='lat' dir='ltr'>convertuntur</span> <span class='ocrx_word' id='word_1_215' title='bbox 643 3999 685 4064; x_wconf 88' lang='lat' dir='ltr'>ad</span> <span class='ocrx_word' id='word_1_216' title='bbox 716 3999 948 4086; x_wconf 89' lang='lat' dir='ltr'>vaniloquium,</span> <span class='ocrx_word' id='word_1_217' title='bbox 978 4023 1016 4065; x_wconf 94' lang='lat' dir='ltr'>ac</span> <span class='ocrx_word' id='word_1_218' title='bbox 1052 3998 1225 4063; x_wconf 86' lang='lat' dir='ltr'>nescientes</span> <span class='ocrx_word' id='word_1_219' title='bbox 1255 4026 1257 4029; x_wconf 95' lang='lat'>·</span> 
     </span>
     <span class='ocr_line' id='line_1_31' title="bbox 269 4101 1224 4188; baseline -0.008 -22"><span class='ocrx_word' id='word_1_220' title='bbox 269 4101 348 4187; x_wconf 91' lang='lat' dir='ltr'>quid</span> <span class='ocrx_word' id='word_1_221' title='bbox 364 4106 553 4188; x_wconf 87' lang='lat' dir='ltr'>loquantur,</span> <span class='ocrx_word' id='word_1_222' title='bbox 568 4114 624 4166; x_wconf 92' lang='lat' dir='ltr'>aut</span> <span class='ocrx_word' id='word_1_223' title='bbox 645 4101 686 4165; x_wconf 91' lang='lat' dir='ltr'>de</span> <span class='ocrx_word' id='word_1_224' title='bbox 707 4102 826 4187; x_wconf 88' lang='lat' dir='ltr'>quibus</span> <span class='ocrx_word' id='word_1_225' title='bbox 846 4118 1001 4178; x_wconf 90' lang='lat' dir='ltr'>asserant,</span> <span class='ocrx_word' id='word_1_226' title='bbox 1015 4122 1136 4165; x_wconf 87' lang='lat' dir='ltr'>errores</span> <span class='ocrx_word' id='word_1_227' title='bbox 1150 4120 1224 4160; x_wconf 91' lang='lat' dir='ltr'>con-</span> 
     </span>
     <span class='ocr_line' id='line_1_32' title="bbox 268 4195 1225 4287; baseline -0.01 -21"><span class='ocrx_word' id='word_1_228' title='bbox 268 4202 350 4268; x_wconf 90' lang='lat' dir='ltr'>dunt</span> <span class='ocrx_word' id='word_1_229' title='bbox 374 4223 487 4278; x_wconf 89' lang='lat' dir='ltr'>novos,</span> <span class='ocrx_word' id='word_1_230' title='bbox 503 4214 535 4265; x_wconf 89' lang='lat' dir='ltr'>et</span> <span class='ocrx_word' id='word_1_231' title='bbox 555 4201 761 4287; x_wconf 89' lang='lat' dir='ltr'>antiquorum</span> <span class='ocrx_word' id='word_1_232' title='bbox 782 4215 838 4266; x_wconf 89' lang='lat' dir='ltr'>aut</span> <span class='ocrx_word' id='word_1_233' title='bbox 861 4202 1017 4280; x_wconf 89' lang='lat' dir='ltr'>nesciunt,</span> <span class='ocrx_word' id='word_1_234' title='bbox 1036 4212 1093 4261; x_wconf 89' lang='lat' dir='ltr'>aut</span> <span class='ocrx_word' id='word_1_235' title='bbox 1114 4195 1225 4279; x_wconf 84' lang='lat' dir='ltr'>dedig-</span> 
     </span>
     <span class='ocr_line' id='line_1_33' title="bbox 266 4295 1224 4388; baseline -0.015 -19"><span class='ocrx_word' id='word_1_236' title='bbox 266 4318 385 4369; x_wconf 87' lang='lat' dir='ltr'>nantur</span> <span class='ocrx_word' id='word_1_237' title='bbox 410 4302 584 4366; x_wconf 87' lang='lat' dir='ltr'>sententias</span> <span class='ocrx_word' id='word_1_238' title='bbox 606 4302 735 4366; x_wconf 87' lang='lat' dir='ltr'>imitari.</span> <span class='ocrx_word' id='word_1_239' title='bbox 780 4303 963 4388; x_wconf 90' lang='lat' dir='ltr'>Compilant</span> <span class='ocrx_word' id='word_1_240' title='bbox 986 4299 1127 4362; x_wconf 91' lang='lat' dir='ltr'>omnium</span> <span class='ocrx_word' id='word_1_241' title='bbox 1154 4295 1224 4379; x_wconf 91' lang='lat' dir='ltr'>opi·</span> 
     </span>
     <span class='ocr_line' id='line_1_34' title="bbox 267 4395 1224 4489; baseline -0.008 -19"><span class='ocrx_word' id='word_1_242' title='bbox 267 4408 388 4484; x_wconf 87' lang='lat' dir='ltr'>niones,</span> <span class='ocrx_word' id='word_1_243' title='bbox 405 4418 437 4468; x_wconf 89' lang='lat' dir='ltr'>et</span> <span class='ocrx_word' id='word_1_244' title='bbox 454 4426 490 4467; x_wconf 90' lang='lat' dir='ltr'>ea</span> <span class='ocrx_word' id='word_1_245' title='bbox 513 4426 587 4489; x_wconf 84' lang='lat' dir='ltr'>quae</span> <span class='ocrx_word' id='word_1_246' title='bbox 609 4404 705 4469; x_wconf 85' lang='lat' dir='ltr'>etiarn</span> <span class='ocrx_word' id='word_1_247' title='bbox 722 4428 741 4468; x_wconf 92' lang='lat' dir='ltr'>a</span> <span class='ocrx_word' id='word_1_248' title='bbox 757 4405 916 4469; x_wconf 88' lang='lat' dir='ltr'>vilissimis</span> <span class='ocrx_word' id='word_1_249' title='bbox 934 4402 1020 4466; x_wconf 89' lang='lat' dir='ltr'>dicta</span> <span class='ocrx_word' id='word_1_250' title='bbox 1041 4398 1090 4462; x_wconf 88' lang='lat' dir='ltr'>vel</span> <span class='ocrx_word' id='word_1_251' title='bbox 1106 4395 1224 4482; x_wconf 87' lang='lat' dir='ltr'>scripta</span> 
     </span>
    </p>
   </div>
   <div class='ocr_carea' id='block_1_5' title="bbox 0 0 1500 5592">
    <p class='ocr_par' dir='ltr' id='par_1_5' title="bbox 0 0 1500 5592">
     <span class='ocr_line' id='line_1_35' title="bbox 0 0 1500 5592; baseline 0 2"><span class='ocrx_word' id='word_1_252' title='bbox 0 0 1500 5592; x_wconf 95' lang='lat' dir='ltr'> </span> 
     </span>
    </p>
   </div>
  </div>
 </body>
</html>
