2992 5592
447 807 523 850 vrrs
539 809 652 853 saucrr
669 810 824 854 ausuum.
1045 800 1107 857 849

155 964 259 1018 “toto
279 954 446 1032 dimiseris,
465 958 606 1021 concedo
625 969 661 1022 ut
679 957 782 1022 officio
803 957 1001 1040 sacerdotali,
1021 953 1108 1044 quod

155 1055 255 1140 “jam
274 1056 449 1141 suscepisti,
463 1057 589 1120 utaris.''
635 1058 816 1122 Verebatur
836 1059 934 1141 enirn,
954 1059 1035 1124 sicut
1058 1060 1107 1123 in-

154 1168 329 1242 terrogatus
341 1158 478 1236 dicebat,
490 1182 642 1245 apparere
658 1161 690 1222 in
707 1173 878 1246 conspectu
890 1162 1008 1247 judicis
1024 1163 1106 1240 Dei3

155 1257 213 1322 nisi
242 1271 315 1324 ante
345 1261 488 1345 punisset
517 1272 639 1325 tantam
671 1261 921 1326 inobedientiam
952 1263 985 1326 in
1011 1264 1108 1348 juris·

154 1359 293 1425 dictione
323 1361 382 1425 sibi
413 1362 582 1425 commissa
611 1385 668 1426 suo
702 1375 847 1448 tempore
877 1376 1106 1448 emergentem.

157 1460 253 1525 Unde
279 1461 364 1524 idem
394 1462 548 1542 Thomas,
576 1462 764 1526 auctoritate
788 1464 847 1527 viri
874 1477 908 1527 et
933 1465 1106 1530 acerbitate

154 1564 321 1627 sententioe
344 1565 482 1643 territus,
497 1565 529 1628 in
551 1586 584 1628 se
606 1565 719 1642 rediit3
753 1578 786 1629 et
809 1566 1018 1651 praesentibus
1038 1567 1107 1633 vice

154 1664 297 1749 primatis
320 1667 503 1731 Cantuariae
524 1666 668 1730 ecclesiae
692 1667 897 1751 suffraganeis
917 1668 1012 1733 etiam
1037 1681 1108 1755 post

154 1767 276 1831 obitum
294 1769 439 1833 Anselmi
455 1769 612 1854 professus
628 1782 683 1833 est.

159 2110 236 2196 Cap.
256 2119 303 2177 16.
329 2110 484 2176 Aurelmus
508 2115 615 2198 incipit
633 2115 760 2177 libellum
782 2117 817 2176 de
843 2113 968 2199 Oriyinc
990 2119 1108 2196 anime,

197 2225 224 2276 et
243 2236 299 2276 non
317 2219 447 2298 perficit,
468 2220 539 2301 quio
560 2228 651 2279 morte
668 2228 837 2301 preventus
860 2230 909 2282 est.
955 2220 1006 2281 De
1028 2221 1108 2282 obitu

198 2316 333 2379 Auselmi
356 2319 413 2380 XI
437 2321 566 2384 calendis
592 2320 688 2399 Maii,
709 2323 794 2382 etde
816 2343 893 2383 anno
916 2325 1110 2404 pontificatus

198 2423 254 2483 sui.
289 2421 340 2482 De
354 2422 483 2484 balsamo
497 2424 703 2506 multiplicato,
714 2433 743 2484 et
756 2425 791 2485 de
805 2425 959 2486 miramlr's
972 2425 1107 2508 q'usdem.

201 2583 337 2645 Teurro
353 2580 450 2665 igitur
464 2602 548 2644 anno
566 2590 734 2665 postquam
752 2600 770 2640 a
786 2581 926 2644 secundo
941 2581 1035 2645 exilio
1051 2605 1108 2667 per

157 2703 264 2766 regem
283 2683 461 2747 Henricum
479 2691 643 2744 revocatus
659 2690 717 2753 est,
729 2679 811 2742 adeo
827 2681 924 2766 coepit
938 2681 1107 2760 debilitari,

156 2794 194 2847 ut
229 2783 258 2847 ei
288 2783 378 2847 cibus
411 2780 514 2843 omnis
544 2778 577 2840 in
607 2776 769 2841 fastidium
801 2792 985 2847 verteretur.
1031 2782 1108 2848 Vim

156 2894 263 2949 tamen
295 2883 434 2947 iaciebat
463 2892 587 2943 naturae
609 2877 642 2941 in
670 2880 874 2964 perceptione
904 2904 1013 2947 eorum
1027 2912 1035 2966 ;
1070 2907 1109 2949 eo

155 2986 241 3072 quod
258 2986 358 3071 ipsam
375 2993 506 3046 noverat
517 2980 585 3045 sine
597 2979 758 3045 alimentis
773 2995 917 3047 constare
933 3007 995 3049 non
1008 3009 1109 3070 posse.

157 3089 242 3155 Caro
257 3087 387 3173 quidem
404 3084 625 3149 infirmabatur
640 3083 740 3168 magis
756 3097 789 3148 et
804 3086 921 3169 magis3
942 3087 996 3151 sed
1011 3111 1111 3173 gene·

155 3212 244 3255 rosus
258 3189 313 3253 ille
329 3187 455 3272 spiritus
467 3199 499 3251 et
510 3187 574 3250 Dei
590 3208 698 3250 amore
714 3187 830 3250 nobilis
845 3188 988 3253 ecclesiae
1000 3191 1110 3276 dedig-

155 3292 293 3358 nabetur
313 3288 500 3354 infirmitati.
548 3288 597 3352 Ex
618 3311 657 3352 ea
676 3287 762 3352 enim
780 3289 890 3353 sortior
903 3303 936 3354 et
951 3293 1111 3376 potentior

156 3393 334 3459 videbatur.
381 3392 496 3479 Neque
517 3391 603 3455 enirn
620 3413 639 3454 a
654 3390 916 3456 meditationibus
931 3392 1109 3482 divinisque

156 3494 323 3581 colloquiis
352 3505 385 3558 et
413 3493 609 3557 orationibus
638 3503 763 3577 poterat
786 3491 951 3577 impediri3
989 3498 1046 3560 sed
1076 3496 1109 3571 iu

157 3598 317 3661 consuetis
331 3608 364 3660 et
380 3597 453 3660 Deo
468 3595 591 3682 placitis
607 3595 765 3658 exercitiis
781 3595 903 3679 jugiter
917 3599 1110 3665 versabatur.

160 3697 398 3763 Consecrationi
426 3694 589 3759 Dominici
615 3694 753 3780 corporis
782 3695 925 3781 quotidie
948 3697 1111 3781 intererat,

159 3799 236 3865 illuc
251 3812 307 3864 aut
321 3799 404 3885 pede
427 3799 495 3861 iens
510 3809 566 3861 aut
581 3795 659 3861 sella
675 3795 808 3860 delatus.
855 3798 917 3863 Vix
932 3802 1045 3887 quinto
1059 3802 1111 3866 dia

158 3912 233 3965 ante
248 3900 371 3965 obitum
387 3899 490 3985 potuit
510 3898 585 3963 inde
607 3898 718 3964 arceri.
764 3897 919 3964 Illuxerat
941 3901 1112 3965 Dominica

159 4002 227 4067 dies
243 4002 440 4078 Palmarum,
456 4015 488 4067 et
509 4025 591 4066 unus
614 4024 724 4065 eorum
742 4002 797 4088 qui
820 4002 953 4065 aderant
976 4001 1020 4064 sic
1035 4023 1110 4064 eum

160 4103 348 4192 alloquitur:
373 4109 392 4143 “
412 4109 518 4182 Pater,
535 4103 704 4169 verisimile
728 4115 776 4166 est
798 4125 837 4164 ex
857 4101 906 4163 bis
928 4123 1002 4186 quse
1026 4101 1112 4165 vide·

160 4228 243 4283 rnus,
270 4219 302 4271 te
327 4207 368 4272 ad
395 4206 580 4270 Paschalem
607 4203 739 4268 Domini
763 4202 820 4277 tui,
843 4201 954 4264 relicto
979 4202 1112 4283 mundo,

160 4307 292 4372 transire
307 4307 528 4371 solennitatem
534 4311 558 4370 .’'
590 4304 633 4367 Et
647 4303 716 4379 ille;
740 4311 761 4344 “
773 4301 863 4365 Sicut
878 4300 993 4366 luerit''
1007 4303 1113 4390 inquit

161 4418 183 4452 ‘⁶
198 4409 353 4486 voluntas,
369 4408 413 4472 sic
437 4408 508 4484 fiat;
533 4420 566 4469 et
587 4402 824 4489 beneplacitum
841 4400 973 4466 Domini
996 4404 1036 4467 de
1059 4425 1112 4497 me
