2992 5592
270 790 330 850 tat
524 802 661 846 Jonnurs
677 799 959 845 sartasuuarnn‘srs
1068 784 1152 862 [tra.
1171 802 1218 846 ru.

268 952 403 1038 urgendi
437 950 640 1036 instandique
678 950 813 1013 facultas
849 965 1064 1035 comparetur.
1123 953 1168 1015 Et
1196 952 1221 1014 si

265 1054 464 1118 adversarius
490 1051 590 1128 deest,
614 1073 719 1114 secum
747 1049 883 1136 quisque
907 1053 1109 1137 experiatur,
1134 1074 1219 1136 quae,

266 1168 358 1240 quot,
387 1165 420 1217 et
457 1166 576 1237 quanta
614 1150 786 1237 propositae
822 1150 1010 1236 quaestionis
1047 1152 1217 1215 articulum

266 1255 412 1320 muniant
427 1268 484 1318 aut
506 1253 710 1338 impugnent:
734 1252 778 1315 sic
792 1252 875 1315 enim
891 1252 984 1315 facile
1009 1253 1071 1315 erit
1087 1253 1221 1338 quisque

266 1357 401 1422 idoneus
422 1355 463 1421 ad
486 1355 665 1441 cogendum
682 1368 714 1419 ct
729 1355 962 1431 reluctandum,
979 1369 1011 1419 et
1028 1357 1095 1419 sive
1117 1357 1223 1439 agoni-

267 1459 420 1535 zandum,
436 1481 491 1522 seu
507 1457 717 1533 suadendum,
736 1480 789 1521 seu
806 1456 1097 1543 philosophandum
1115 1458 1223 1536 fuerit,

270 1561 432 1647 urgentias
460 1559 688 1644 instantiasque
721 1558 840 1623 habens
873 1573 930 1622 aut
961 1559 1138 1644 superabit,
1167 1575 1221 1623 aut

267 1664 381 1727 evadet
394 1686 467 1727 cum
478 1662 593 1746 gloria,
605 1674 661 1725 aut
676 1661 824 1725 decenter
837 1660 908 1736 sibi,
922 1674 954 1724 et
970 1661 1037 1723 sine
1049 1659 1220 1743 ignominia

269 1765 484 1850 superabitur.
530 1763 608 1827 Fuit
628 1762 807 1846 antiquitus
823 1763 889 1825 haec
904 1766 937 1826 in
959 1786 992 1825 re
1014 1762 1145 1825 militari
1161 1761 1222 1824 dis·

269 1867 388 1951 ciplina
407 1869 635 1946 Romanorum,
651 1875 687 1928 ut
706 1864 764 1949 qui
785 1864 881 1926 armis
896 1864 1023 1927 fuerant
1045 1863 1223 1940 exercendi,

270 1969 311 2034 ab
332 1969 461 2033 ineunte
481 1982 576 2032 aetate
591 1979 806 2031 assuescerent
827 1965 950 2029 militie
969 1965 1176 2049 imaginariae,
1191 1979 1222 2028 et

269 2068 416 2134 ludentes
431 2069 463 2132 in
478 2086 517 2133 eo
534 2069 658 2153 jugiter
674 2081 877 2131 versarentur
897 2065 1120 2141 adolescentes,
1138 2065 1223 2128 unde

270 2170 473 2256 postmodum
518 2170 549 2232 in
593 2169 834 2233 necessitatibus
872 2167 1053 2254 reipublicae
1090 2168 1223 2231 feliciter

272 2270 516 2354 triumpharent.
562 2270 714 2335 Telorum
742 2272 882 2357 quisque
907 2285 1037 2335 noverat
1066 2294 1170 2349 usum,
1193 2288 1224 2336 et

271 2371 408 2457 qualiter
419 2371 570 2456 equitem,
584 2372 721 2456 qualiter
736 2372 887 2458 peditem,
900 2396 984 2437 nunc
1000 2373 1130 2449 instare,
1141 2396 1224 2437 nunc

269 2472 391 2558 fugere,
415 2496 500 2537 nunc
525 2475 643 2549 caesim,
670 2498 755 2539 nunc
782 2477 925 2560 punctim
949 2476 1043 2538 ferire
1070 2486 1225 2560 oporteat,

271 2575 357 2640 domi
383 2574 642 2663 praediscebatur.
698 2577 751 2644 Sic
782 2598 910 2640 suorum
942 2576 1224 2640 instrumentorum

273 2699 398 2742 necesse
412 2692 459 2743 est
475 2677 629 2763 Logicum
646 2677 826 2761 expeditam
846 2678 960 2740 habere
976 2678 1174 2754 facultatem,
1192 2694 1227 2742 ut

274 2778 392 2843 scilicet
406 2778 561 2864 principia
575 2781 710 2857 noverit,
729 2779 947 2864 probabilibus
963 2779 1118 2854 abundet,
1135 2779 1229 2864 syllo-

272 2879 402 2964 gizandi
412 2893 444 2943 et
455 2879 627 2944 inducendi
638 2903 746 2944 omnes
756 2879 796 2943 ad
811 2902 938 2944 manum
953 2879 1069 2943 habeat
1082 2881 1227 2944 rationes.

278 2982 366 3047 Vires
380 3005 510 3069 quoque
525 2982 696 3045 adversarii
709 2983 874 3045 metiatur:
898 2983 1050 3066 quoniam
1067 2998 1100 3046 et
1115 3006 1155 3046 ex
1171 2982 1228 3046 boc

273 3084 464 3171 plerumque
490 3083 608 3168 negotii
635 3083 751 3168 pendet
782 3096 925 3146 eventus.
972 3086 1044 3147 Non
1072 3098 1121 3147 est
1147 3084 1227 3147 enirn

274 3185 350 3250 satis
376 3185 408 3249 iu
433 3184 534 3249 altero
561 3196 684 3248 tantum
711 3184 790 3248 bene
820 3182 910 3246 finire
936 3205 1106 3247 commune
1129 3207 1226 3270 opus:

274 3285 433 3370 siquidem
459 3285 541 3348 sicut
565 3285 786 3369 interrogantis
808 3297 864 3348 aut
891 3283 1034 3348 docentis
1058 3285 1228 3370 imperitia,

273 3383 316 3446 sic
339 3383 529 3469 plerumque
549 3386 683 3450 tarditas
705 3384 871 3461 auditoris,
893 3396 950 3447 aut
972 3384 1016 3447 rei
1045 3385 1228 3460 difficultas,

273 3507 346 3548 eum
363 3484 417 3569 qui
440 3487 509 3568 agit
531 3508 570 3548 ex
591 3503 670 3563 arte,
687 3491 755 3552 voti
774 3501 951 3573 compotem
972 3509 1039 3550 esse
1061 3510 1125 3550 nun
1147 3488 1229 3551 sinit.

274 3587 336 3649 Est
355 3597 475 3660 autem,
499 3598 534 3649 ut
557 3587 602 3648 ait
619 3587 793 3668 Palladius,
809 3610 922 3673 magna
943 3610 1017 3672 pars
1038 3589 1230 3672 prudentiae,

276 3688 347 3773 ejus
358 3707 433 3749 cum
444 3710 510 3771 quo
521 3687 629 3771 agitur
639 3690 796 3754 aestimare
808 3713 986 3775 personam.
1019 3691 1142 3775 lnjure
1154 3715 1232 3777 quo·

275 3811 339 3875 que
360 3802 490 3852 cautum
513 3803 572 3867 est,
588 3792 665 3876 quia
686 3815 780 3856 nemo
794 3793 890 3857 debet
913 3815 981 3856 esse
1004 3794 1139 3877 ignarus
1161 3815 1231 3856 con·

275 3889 404 3954 ditionis
419 3889 501 3974 ejus,
514 3911 586 3955 cum
603 3916 670 3976 quo
684 3892 852 3957 contrahit.
899 3895 987 3977 Ergo
1002 3909 1035 3958 et
1051 3895 1145 3959 aliter
1160 3917 1230 3959 cum

275 3992 412 4073 erudito,
435 3993 529 4059 aliter
554 3995 711 4081 agendum
743 4009 789 4059 est
820 4019 891 4060 cnm
918 4019 966 4069 eo,
994 4020 1091 4082 quem
1119 3998 1230 4062 rudem

276 4096 377 4161 nostia
400 4118 473 4161 nam
493 4098 638 4165 eruditus
656 4098 869 4184 syllogisticis,
888 4099 977 4164 rudis
1002 4101 1169 4186 urgendus
1186 4115 1233 4164 est

276 4198 452 4264 rationibus
462 4198 645 4264 inductivis.
677 4201 837 4263 Caeterum
851 4214 887 4265 ut
903 4201 976 4285 quis
988 4203 1093 4266 veniat
1106 4203 1147 4267 ad
1162 4225 1233 4288 pro-

276 4300 406 4378 fectum,
417 4301 499 4366 sicut
512 4300 653 4365 studium
670 4300 822 4374 exercitii,
836 4301 925 4365 itaet
938 4325 1047 4366 renam
1062 4303 1234 4368 laudabilis

276 4423 399 4466 necesse
410 4416 459 4466 est
472 4403 599 4467 subesse
612 4400 740 4484 ingenii.
768 4401 935 4484 Ingenium
950 4426 1026 4466 vero
1040 4405 1164 4469 bonum
1178 4419 1236 4479 est,
