2992 5592
586 854 810 901 BNTEETICUS.

311 1006 395 1069 lllud
411 1007 444 1069 in
461 1010 599 1072 ecclesis
614 1009 641 1071 si
658 1010 729 1091 quis
745 1009 861 1070 habere
877 1009 965 1071 velit.

225 1106 341 1168 Divitis
357 1109 502 1172 ecclesiae
519 1112 649 1172 libertus
664 1110 752 1170 nulla
766 1120 938 1183 carentem,

309 1208 412 1271 Hoste
429 1211 544 1291 premit
560 1211 685 1291 gravius
702 1209 784 1290 regis
799 1210 910 1293 inique
923 1231 1047 1274 munus.
1090 1214 1173 1273 1³⁷0

224 1308 357 1371 Publica
373 1310 417 1372 sic
434 1312 525 1373 saevit
540 1311 652 1374 tutoris
667 1311 788 1374 honore
803 1322 956 1394 potestas,

310 1413 355 1474 Ut
371 1415 474 1496 quivis
490 1413 599 1496 praedo
614 1414 721 1475 mitior
735 1423 842 1475 exstet
856 1434 904 1475 es.

225 1513 260 1572 lu
279 1514 364 1576 bona
380 1515 495 1597 pupilli
511 1526 597 1577 tutor
612 1524 773 1593 grassatur
788 1515 928 1598 iniquus,

310 1616 381 1677 Nec
399 1624 501 1678 tutore
518 1616 592 1679 dato
607 1617 743 1699 nequior
757 1616 859 1679 hostis
870 1618 943 1680 erit.

226 1710 252 1772 F
253 1715 337 1776 actio
353 1715 556 1798 Mandrogeri
573 1717 695 1780 licitum
710 1717 900 1800 libitumque
916 1729 1073 1801 coaequst,
1093 1724 1174 1782 1870

311 1816 449 1897 Quoque
464 1819 560 1879 semel
576 1819 708 1899 placuit,
723 1818 880 1901 predicet
895 1839 965 1882 esse
980 1821 1112 1882 bonum.

225 1914 298 1976 Hoc
315 1927 446 1978 auctore
461 1918 545 1998 perit
560 1919 693 1981 libertas
707 1920 926 1998 ecclesiarum,

310 2017 537 2100 Antipatrique
553 2039 667 2081 manus
681 2040 769 2082 orme
783 2020 923 2084 nefanda
938 2022 1030 2104 repit.

381 2117 434 2179 De
448 2117 635 2200 Antipatro,
651 2127 683 2182 et
696 2141 798 2201 quare
811 2124 857 2184 ric
870 2122 1013 2185 dicutur.

224 2218 430 2299 Presbyteros
443 2232 593 2304 tunquam
610 2235 717 2304 patres
732 2222 874 2305 populus
889 2232 1067 2300 veneretur,

309 2318 354 2379 Et
369 2317 443 2380 fidei
460 2340 533 2402 pars
548 2331 598 2383 est
606 2321 698 2404 jussu
714 2322 821 2384 subire
838 2322 947 2403 petris,
1091 2325 1173 2386 1800

223 2418 243 2479 J
245 2439 319 2480 ussa
334 2419 439 2482 subire
454 2422 564 2504 patris,
579 2422 754 2506 proesertim
767 2434 855 2486 recta
863 2422 1021 2507 jubentis,

309 2520 371 2582 Pro
387 2523 503 2605 quibus
519 2524 658 2606 expletis
673 2525 738 2586 rite
753 2525 848 2586 beatu
864 2524 965 2587 detur.

223 2625 266 2685 At
282 2622 365 2686 ferus
381 2625 549 2707 Antipater
563 2626 623 2688 hos
638 2627 842 2708 persequitur
857 2627 942 2688 velut
956 2626 1066 2689 hostes

310 2726 543 2807 Intentansque
559 2725 652 2788 dolos
667 2725 811 2808 undique
828 2725 911 2787 bella
926 2737 1044 2803 moret,

225 2826 313 2888 Hinc
329 2827 376 2889 illi
391 2848 509 2890 nomeu
526 2825 619 2888 datur
634 2827 812 2909 Antipater,
826 2827 901 2909 quis
915 2838 1021 2910 patres
1091 2832 1172 2891 loss

310 2927 414 2990 Laedit
428 2941 461 2990 et
475 2928 591 3008 infligit
607 2926 725 2989 damna
740 2947 919 3010 necemque
935 2941 1033 3009 psrst

224 3027 364 3091 Sedulus
380 3030 412 3089 in
429 3047 559 3090 saccum
576 3037 739 3108 pertusum
754 3028 898 3108 congerit
911 3048 1023 3091 omnes

311 3129 439 3192 Christo
456 3130 645 3205 subtractas,
660 3150 740 3212 quas
756 3129 837 3191 male
853 3129 975 3213 querit,
990 3150 1087 3214 opes;

222 3231 407 3294 Ecclesiam
423 3231 540 3293 servire
550 3230 656 3313 jubet,
674 3232 793 3293 clerum
809 3233 1029 3315 populumque

248 3404 252 3414 Ι
313 3332 466 3395 Decemit
483 3330 621 3394 similem
630 3333 704 3416 jure
721 3342 828 3395 tenere
844 3333 961 3396 locum.
1093 3340 1173 3400 1800

223 3433 423 3516 Opprimitur
437 3434 551 3510 clerus,
567 3434 707 3515 privetur
722 3434 843 3497 honore
859 3435 1018 3514 sacerdos,

311 3534 375 3596 Sed
392 3533 543 3597 delatoris
557 3555 674 3597 nomen
691 3536 812 3619 ubique
828 3537 921 3617 riget.

225 3635 378 3698 Publicus
394 3644 527 3697 exactor
541 3657 665 3698 summo
680 3637 837 3720 praecellit
851 3637 983 3716 honoro,

310 3737 439 3800 Grstior
453 3738 508 3800 ille
524 3747 642 3814 tamen,
657 3739 712 3822 qui
727 3739 814 3802 mula
828 3740 919 3821 plura
934 3740 1019 3805 fucit.

226 3839 270 3901 Hi
287 3839 314 3902 si
327 3840 408 3903 forts
424 3841 535 3903 volunt
549 3840 670 3924 aliquid
685 3851 875 3922 pervertere,
890 3841 1022 3906 dicunt:
1092 3847 1174 3904 18οὁ

310 3942 462 4006 Dedecus
477 3943 552 4006 hinc
568 3945 657 4025 regni
675 3944 816 4020 vertitur,
831 3944 908 4007 inde
923 3945 1031 4009 decus.

226 4041 381 4127 Princeps
395 4063 461 4104 non
477 4042 614 4126 cupidus
628 4043 739 4122 meriti,
757 4042 814 4106 sed
830 4042 936 4106 laudis
951 4064 1063 4105 aranu

310 4142 510 4225 Praecipuum
527 4142 595 4205 sine
612 4165 645 4207 re
661 4165 777 4207 nomen
793 4143 924 4206 honoris
939 4143 1046 4216 habet,

226 4241 299 4302 Non
316 4253 415 4318 curat,
431 4242 509 4326 quid
525 4244 639 4316 honor,
655 4243 711 4306 sed
727 4242 807 4326 quid
824 4242 966 4305 videatur
982 4242 1162 4318 honestum,

312 4343 380 4404 Nec
390 4344 553 4406 bonavera
563 4345 762 4426 plecent‚sed
769 4344 861 4427 juvat
871 4342 1078 4405 umbreboni.
1094 4345 1176 4404 1100

223 4443 276 4505 Sic
295 4444 372 4507 ratio
389 4447 449 4508 sub
466 4457 626 4528 pretextu
642 4459 780 4508 caecatur
796 4445 934 4522 honoris,
