2992 5592
268 841 332 887 cnr.
350 827 413 898 1v.]
640 842 880 890 usrnroorous.
1185 833 1225 892 67

371 993 454 1078 Cup.
471 1001 502 1056 4.
528 994 615 1068 Quid
629 995 871 1074 [traiectiones
885 996 972 1059 unde
986 995 1122 1060 dicotur.

305 1112 377 1176 Esr
397 1124 512 1175 sutem
534 1111 722 1190 Disiecticn‚
741 1124 778 1177 ut
799 1110 987 1197 Augustino
1005 1111 1122 1198 placet,
1144 1113 1224 1178 bene

266 1212 453 1299 disputandi
480 1214 632 1278 scientis:
663 1213 751 1300 quod
777 1212 907 1299 quidem
933 1214 979 1278 itn
1002 1211 1221 1300 accipiendum

265 1328 321 1391 est,
342 1328 381 1380 ut
402 1315 452 1378 ris
476 1315 633 1379 habentur
654 1314 686 1378 in
711 1314 836 1389 verbis;
868 1338 907 1378 ne
929 1313 1047 1380 scilicet
1068 1313 1222 1381 dialectici

267 1417 451 1497 credantur,
466 1439 548 1502 quos
563 1438 655 1481 cesus
672 1420 765 1504 juvat
781 1417 859 1482 ortis
876 1417 1027 1481 beneficio
1041 1415 1222 1484 destitutos.

269 1516 349 1582 Item
374 1539 437 1582 uon
454 1519 535 1583 bene
554 1517 711 1605 disputat,
727 1518 784 1605 qui
806 1519 851 1595 id,
867 1518 955 1604 quod
975 1518 1123 1593 intendit,
1139 1539 1223 1597 vere,

267 1632 298 1684 et
323 1611 552 1705 probabiliter,
570 1642 773 1705 nequaquam
804 1620 930 1706 probat.
975 1623 1058 1684 Pnce
1086 1618 1222 1683 dixerim

267 1718 541 1797 demonstratoris,
572 1732 604 1784 et
635 1719 798 1805 sophistoe,
828 1741 966 1805 quorum
1003 1732 1115 1783 neuter
1144 1720 1223 1783 bene

267 1819 410 1906 procedit
432 1820 474 1885 nd
497 1821 696 1907 propositum
720 1819 893 1898 dialectici,
910 1820 935 1884 si
953 1821 1035 1885 ulter
1053 1819 1224 1906 probabili·

269 1935 366 1986 tutem
394 1944 457 1985 non
483 1922 590 2002 habet,
615 1922 697 1986 niter
722 1920 840 1987 deserit
866 1925 1052 1987 veritatem:
1088 1935 1224 2008 uterque

269 2040 386 2099 temen,
403 2023 430 2087 si
450 2045 544 2089 suum
562 2025 713 2089 metiatur
735 2023 885 2104 officium,
900 2025 980 2089 bene
1002 2024 1128 2109 probat,
1144 2023 1224 2088 dum

268 2147 330 2189 non
351 2124 474 2190 omittit
496 2125 671 2211 quicquam
692 2145 731 2188 ex
751 2126 1012 2210 contingentibus
1034 2149 1100 2190 suoe
1122 2125 1224 2190 facul·

269 2228 356 2292 tntis.
408 2227 470 2292 Est
500 2241 608 2292 nutem
639 2229 820 2311 disputare,
846 2226 970 2316 siiquid
999 2249 1122 2305 eorum,
1149 2251 1223 2314 quoe

269 2327 370 2392 dubis
384 2341 470 2404 sunt,
487 2341 545 2392 aut
566 2328 599 2392 in
615 2328 865 2394 contradictione
881 2330 996 2416 posits,
1011 2342 1068 2395 nut
1088 2350 1165 2416 quoe
1180 2329 1224 2393 sic

269 2427 319 2493 vel
339 2429 384 2493 sic
403 2442 641 2516 proponuntur,
658 2434 781 2495 ratione
801 2431 981 2518 supposita,
1005 2432 1150 2518 probare,
1173 2435 1224 2498 vel

269 2531 466 2618 improbare,
487 2531 575 2618 quod
585 2533 717 2618 quidem
730 2533 878 2619 quisquis
889 2557 928 2597 ex
941 2547 1008 2598 erte
1018 2534 1226 2618 probabiliter

269 2632 359 2713 facit,
378 2632 420 2698 sd
442 2633 600 2698 dialectici
623 2635 779 2721 pertingit
801 2647 929 2700 metum.
975 2637 1048 2698 Hoc
1069 2646 1176 2699 sutem
1197 2634 1226 2698 ei

270 2754 385 2798 nomen
407 2732 598 2800 Aristoteles
618 2749 731 2800 auctor
754 2758 832 2799 suus
851 2736 1015 2823 imposuit,
1031 2758 1068 2799 eo
1089 2735 1177 2819 quod
1191 2735 1225 2798 in

271 2833 351 2919 ipsu,
373 2847 406 2899 et
433 2856 491 2920 per
517 2835 630 2919 ipsum,
653 2833 693 2898 de
719 2835 814 2905 dictis
840 2834 1043 2922 disputatur:
1079 2849 1117 2899 ut
1142 2834 1224 2898 enim

273 2935 491 3001 Grammatico
516 2935 557 2999 de
578 2934 783 3013 dictionibus,
805 2953 838 3000 et
864 2936 896 2999 in
919 2935 1125 3015 dictionibus,
1147 2947 1227 2999 teste

274 3037 429 3118 Remigio,
440 3037 485 3101 sic
496 3037 568 3113 iste,
578 3038 618 3101 de
633 3037 739 3115 dictis,
751 3051 783 3101 et
799 3037 831 3100 in
847 3036 941 3101 dictis
956 3049 1014 3101 est.
1054 3035 1116 3100 Illa
1131 3036 1228 3099 verbs

276 3158 423 3202 sensuum
439 3139 675 3226 principalium
704 3137 758 3203 sed
776 3139 844 3201 hoec
858 3138 1019 3203 examinet
1034 3159 1143 3201 sensus
1158 3158 1228 3200 ver-

276 3238 406 3304 borum:
429 3263 499 3305 unm
515 3241 624 3319 λεκτὸν,
635 3245 751 3308 Graeco
760 3240 888 3327 eloquio
902 3239 995 3321 (sicut
1005 3237 1050 3304 nit
1063 3239 1227 3321 Isidorus‚)

274 3341 396 3407 dictum
407 3344 599 3431 appellatur.
634 3342 709 3412 Sive
721 3357 829 3408 nutem
841 3342 967 3407 dicatur
981 3364 1002 3405 a
1013 3343 1129 3409 Graeco
1141 3340 1227 3421 λίξις,

273 3444 361 3530 quod
372 3443 492 3510 locutio
501 3447 743 3531 interpretatur,
756 3445 839 3511 sicut
849 3443 1051 3520 Quintiliano
1062 3445 1093 3509 in
1107 3468 1229 3532 praeex·

274 3545 515 3612 ercitaminibus
525 3548 640 3635 placet,
649 3550 715 3613 sire
726 3571 745 3612 n
755 3550 865 3626 λεκτὸν,
874 3546 960 3633 quod
972 3546 1095 3614 dictum
1107 3571 1228 3614 nuncu·

275 3658 385 3732 petor,
394 3670 457 3712 non
467 3649 606 3714 multum
619 3650 733 3715 refert:
756 3673 857 3736 quum
869 3647 1050 3715 examinare
1061 3650 1229 3715 locutionis

275 3746 352 3826 rim,
361 3761 394 3815 et
409 3749 491 3834 ejus,
500 3750 588 3836 quod
605 3749 733 3827 dicitur,
746 3752 924 3829 veritatem,
935 3765 967 3816 et
983 3774 1120 3833 sensum,
1130 3752 1228 3830 idem,

274 3862 331 3915 sut
351 3849 419 3915 fere
443 3849 540 3929 idem,
556 3852 617 3917 sit:
650 3854 698 3916 vis
717 3853 800 3916 enim
823 3852 922 3932 verbi,
937 3875 1047 3916 sensus
1064 3864 1131 3929 est3
1163 3876 1229 3939 quo

273 3950 299 4015 si
313 3950 524 4029 destituatur,
541 3974 643 4017 sermo
662 3975 782 4031 cossus,
798 3968 829 4017 et
846 3952 972 4016 inutilis
991 3965 1049 4028 est,
1065 3966 1097 4017 et
1120 3954 1169 4033 (ut
1185 3953 1229 4016 sic

272 4051 427 4134 dixerim)
445 4066 610 4118 mortuus:
639 4066 676 4118 ut
691 4052 940 4139 quodammodo,
956 4052 1039 4115 sicut
1057 4072 1173 4137 corpus
1188 4049 1230 4114 ad

272 4153 372 4217 ritem
384 4165 556 4239 vegetetur
564 4151 605 4217 sb
617 4153 733 4229 anima,
744 4155 789 4217 sic
798 4152 840 4217 nd
850 4151 947 4216 sitnm
957 4148 1118 4236 quondam
1131 4148 1228 4223 verbi,

271 4277 385 4322 sensus
415 4253 574 4341 proficiat.
630 4254 692 4331 Qui
721 4256 806 4318 enim
836 4253 903 4316 sine
932 4271 1024 4313 sensu
1055 4268 1229 4312 sermonem

270 4359 406 4442 profert,
423 4355 538 4441 utique
555 4377 615 4420 non
633 4355 788 4444 loquitur,
802 4353 857 4419 sed
873 4372 975 4416 nerem
992 4348 1148 4413 verberet.

727 4563 780 4618 122
