<?xml version="1.0" encoding="UTF-8"?>
<!DOCTYPE html PUBLIC "-//W3C//DTD XHTML 1.0 Transitional//EN"
    "http://www.w3.org/TR/xhtml1/DTD/xhtml1-transitional.dtd">
<html xmlns="http://www.w3.org/1999/xhtml" xml:lang="en" lang="en">
 <head>
  <title>
</title>
<meta http-equiv="Content-Type" content="text/html;charset=utf-8" />
  <meta name='ocr-system' content='tesseract 3.04.00' />
  <meta name='ocr-capabilities' content='ocr_page ocr_carea ocr_par ocr_line ocrx_word'/>
</head>
<body>
  <div class='ocr_page' id='page_1' title='image "./joannissaresber15johngoog_0132.png"; bbox 0 0 2992 5592; ppageno 0'>
   <div class='ocr_carea' id='block_1_1' title="bbox 287 814 1236 894">
    <p class='ocr_par' dir='ltr' id='par_1_1' title="bbox 287 814 1236 894">
     <span class='ocr_line' id='line_1_1' title="bbox 287 814 1236 894; baseline -0.008 -9"><span class='ocrx_word' id='word_1_1' title='bbox 287 827 347 886; x_wconf 82' lang='grc'>118</span> <span class='ocrx_word' id='word_1_2' title='bbox 535 837 674 883; x_wconf 76' lang='lat' dir='ltr'>ausurus</span> <span class='ocrx_word' id='word_1_3' title='bbox 689 833 965 882; x_wconf 79' lang='lat' dir='ltr'>sanasssmsusls</span> <span class='ocrx_word' id='word_1_4' title='bbox 1086 814 1170 894; x_wconf 81' lang='lat' dir='ltr'>[nra.</span> <span class='ocrx_word' id='word_1_5' title='bbox 1187 834 1236 880; x_wconf 88' lang='grc' dir='ltr'><strong>ιιι.</strong></span> 
     </span>
    </p>
   </div>
   <div class='ocr_carea' id='block_1_2' title="bbox 283 1002 1240 3936">
    <p class='ocr_par' dir='ltr' id='par_1_2' title="bbox 283 1002 1240 3936">
     <span class='ocr_line' id='line_1_2' title="bbox 284 1002 1239 1092; baseline -0.003 -22"><span class='ocrx_word' id='word_1_6' title='bbox 284 1007 372 1092; x_wconf 92' lang='lat' dir='ltr'>quod</span> <span class='ocrx_word' id='word_1_7' title='bbox 386 1005 503 1091; x_wconf 90' lang='lat' dir='ltr'>cuique</span> <span class='ocrx_word' id='word_1_8' title='bbox 519 1005 641 1069; x_wconf 86' lang='lat' dir='ltr'>noverit</span> <span class='ocrx_word' id='word_1_9' title='bbox 658 1003 820 1090; x_wconf 80' lang='lat' dir='ltr'>expedire,</span> <span class='ocrx_word' id='word_1_10' title='bbox 836 1003 1010 1090; x_wconf 79' lang='lat' dir='ltr'><strong>dispensat.</strong></span> <span class='ocrx_word' id='word_1_11' title='bbox 1057 1002 1142 1066; x_wconf 84' lang='lat' dir='ltr'>Nam</span> <span class='ocrx_word' id='word_1_12' title='bbox 1162 1004 1239 1067; x_wconf 91' lang='lat' dir='ltr'>Por·</span> 
     </span>
     <span class='ocr_line' id='line_1_3' title="bbox 284 1104 1238 1194; baseline -0.001 -24"><span class='ocrx_word' id='word_1_13' title='bbox 284 1105 430 1194; x_wconf 86' lang='lat' dir='ltr'>phyrius,</span> <span class='ocrx_word' id='word_1_14' title='bbox 445 1126 562 1193; x_wconf 85' lang='lat' dir='ltr'>eorpus</span> <span class='ocrx_word' id='word_1_15' title='bbox 582 1106 693 1170; x_wconf 85' lang='lat' dir='ltr'>asserit</span> <span class='ocrx_word' id='word_1_16' title='bbox 712 1126 781 1171; x_wconf 88' lang='lat' dir='ltr'>essa</span> <span class='ocrx_word' id='word_1_17' title='bbox 800 1127 903 1190; x_wconf 72' lang='lat' dir='ltr'>genem</span> <span class='ocrx_word' id='word_1_18' title='bbox 922 1104 1071 1186; x_wconf 91' lang='lat' dir='ltr'>hominis,</span> <span class='ocrx_word' id='word_1_19' title='bbox 1089 1105 1238 1192; x_wconf 85' lang='lat' dir='ltr'>quonism</span> 
     </span>
     <span class='ocr_line' id='line_1_4' title="bbox 284 1207 1239 1288; baseline -0.001 -15"><span class='ocrx_word' id='word_1_20' title='bbox 284 1220 317 1273; x_wconf 88' lang='lat' dir='ltr'>et</span> <span class='ocrx_word' id='word_1_21' title='bbox 332 1207 486 1272; x_wconf 80' lang='lat' dir='ltr'>animalis.</span> <span class='ocrx_word' id='word_1_22' title='bbox 531 1207 724 1273; x_wconf 81' lang='lat' dir='ltr'>Aristoteles</span> <span class='ocrx_word' id='word_1_23' title='bbox 738 1220 846 1272; x_wconf 89' lang='lat' dir='ltr'>sutem</span> <span class='ocrx_word' id='word_1_24' title='bbox 862 1208 922 1272; x_wconf 90' lang='lat' dir='ltr'>hoc</span> <span class='ocrx_word' id='word_1_25' title='bbox 930 1207 1119 1288; x_wconf 90' lang='lat' dir='ltr'>dedocet,et</span> <span class='ocrx_word' id='word_1_26' title='bbox 1132 1230 1239 1272; x_wconf 90' lang='lat' dir='ltr'>eorum</span> 
     </span>
     <span class='ocr_line' id='line_1_5' title="bbox 286 1308 1240 1397; baseline -0.002 -23"><span class='ocrx_word' id='word_1_27' title='bbox 286 1323 402 1397; x_wconf 80' lang='lat' dir='ltr'>purget</span> <span class='ocrx_word' id='word_1_28' title='bbox 413 1309 626 1395; x_wconf 87' lang='lat' dir='ltr'>errorem,qui</span> <span class='ocrx_word' id='word_1_29' title='bbox 634 1332 736 1396; x_wconf 85' lang='lat' dir='ltr'>genus</span> <span class='ocrx_word' id='word_1_30' title='bbox 745 1308 921 1374; x_wconf 87' lang='lat' dir='ltr'>secundum</span> <span class='ocrx_word' id='word_1_31' title='bbox 931 1308 1011 1395; x_wconf 93' lang='lat' dir='ltr'>quid</span> <span class='ocrx_word' id='word_1_32' title='bbox 1022 1308 1240 1396; x_wconf 87' lang='lat' dir='ltr'>opiusnturde</span> 
     </span>
     <span class='ocr_line' id='line_1_6' title="bbox 286 1410 1239 1500; baseline -0.003 -23"><span class='ocrx_word' id='word_1_33' title='bbox 286 1411 391 1499; x_wconf 86' lang='lat' dir='ltr'>specie</span> <span class='ocrx_word' id='word_1_34' title='bbox 411 1412 593 1500; x_wconf 79' lang='lat' dir='ltr'>praedicuri:</span> <span class='ocrx_word' id='word_1_35' title='bbox 617 1411 779 1477; x_wconf 88' lang='lat' dir='ltr'>nonenim</span> <span class='ocrx_word' id='word_1_36' title='bbox 795 1410 968 1476; x_wconf 90' lang='lat' dir='ltr'>secundum</span> <span class='ocrx_word' id='word_1_37' title='bbox 986 1410 1066 1497; x_wconf 92' lang='lat' dir='ltr'>quid</span> <span class='ocrx_word' id='word_1_38' title='bbox 1081 1411 1124 1475; x_wconf 93' lang='lat' dir='ltr'>de</span> <span class='ocrx_word' id='word_1_39' title='bbox 1139 1411 1239 1495; x_wconf 84' lang='lat' dir='ltr'>specie</span> 
     </span>
     <span class='ocr_line' id='line_1_7' title="bbox 286 1511 1238 1601; baseline -0.002 -23"><span class='ocrx_word' id='word_1_40' title='bbox 286 1514 490 1601; x_wconf 82' lang='lat' dir='ltr'>praedicstur.</span> <span class='ocrx_word' id='word_1_41' title='bbox 536 1517 588 1579; x_wconf 89' lang='lat' dir='ltr'>Ex</span> <span class='ocrx_word' id='word_1_42' title='bbox 603 1537 671 1601; x_wconf 91' lang='lat' dir='ltr'>quo</span> <span class='ocrx_word' id='word_1_43' title='bbox 685 1513 791 1601; x_wconf 85' lang='lat' dir='ltr'>palam</span> <span class='ocrx_word' id='word_1_44' title='bbox 806 1526 865 1592; x_wconf 88' lang='lat' dir='ltr'>est,</span> <span class='ocrx_word' id='word_1_45' title='bbox 880 1511 1004 1578; x_wconf 77' lang='lat' dir='ltr'>visibile</span> <span class='ocrx_word' id='word_1_46' title='bbox 1013 1526 1071 1578; x_wconf 83' lang='lat' dir='ltr'>aut</span> <span class='ocrx_word' id='word_1_47' title='bbox 1082 1512 1238 1589; x_wconf 81' lang='lat' dir='ltr'>sensibile,</span> 
     </span>
     <span class='ocr_line' id='line_1_8' title="bbox 288 1614 1238 1704; baseline 0 -24"><span class='ocrx_word' id='word_1_48' title='bbox 288 1636 353 1681; x_wconf 90' lang='lat' dir='ltr'>non</span> <span class='ocrx_word' id='word_1_49' title='bbox 369 1639 435 1681; x_wconf 89' lang='lat' dir='ltr'>esse</span> <span class='ocrx_word' id='word_1_50' title='bbox 450 1639 553 1704; x_wconf 81' lang='lat' dir='ltr'>genus</span> <span class='ocrx_word' id='word_1_51' title='bbox 566 1615 722 1695; x_wconf 76' lang='lat' dir='ltr'>animalis,</span> <span class='ocrx_word' id='word_1_52' title='bbox 737 1616 954 1702; x_wconf 78' lang='lat' dir='ltr'>praedicantur</span> <span class='ocrx_word' id='word_1_53' title='bbox 968 1614 1053 1680; x_wconf 87' lang='lat' dir='ltr'>enim</span> <span class='ocrx_word' id='word_1_54' title='bbox 1065 1615 1238 1680; x_wconf 90' lang='lat' dir='ltr'>secundum</span> 
     </span>
     <span class='ocr_line' id='line_1_9' title="bbox 286 1715 1240 1805; baseline -0.002 -23"><span class='ocrx_word' id='word_1_55' title='bbox 286 1716 378 1805; x_wconf 91' lang='lat' dir='ltr'>quid,</span> <span class='ocrx_word' id='word_1_56' title='bbox 394 1717 426 1782; x_wconf 91' lang='lat' dir='ltr'>id</span> <span class='ocrx_word' id='word_1_57' title='bbox 442 1731 501 1799; x_wconf 88' lang='lat' dir='ltr'>est,</span> <span class='ocrx_word' id='word_1_58' title='bbox 522 1717 697 1782; x_wconf 88' lang='lat' dir='ltr'>secundum</span> <span class='ocrx_word' id='word_1_59' title='bbox 717 1739 845 1803; x_wconf 88' lang='lat' dir='ltr'>corpus,</span> <span class='ocrx_word' id='word_1_60' title='bbox 866 1737 928 1781; x_wconf 92' lang='lat' dir='ltr'>non</span> <span class='ocrx_word' id='word_1_61' title='bbox 951 1715 1109 1780; x_wconf 81' lang='lat' dir='ltr'>enimam:</span> <span class='ocrx_word' id='word_1_62' title='bbox 1132 1739 1240 1803; x_wconf 71' lang='lat' dir='ltr'>quare,</span> 
     </span>
     <span class='ocr_line' id='line_1_10' title="bbox 286 1817 1240 1906; baseline -0.002 -23"><span class='ocrx_word' id='word_1_63' title='bbox 286 1821 405 1906; x_wconf 84' lang='lat' dir='ltr'>inquit,</span> <span class='ocrx_word' id='word_1_64' title='bbox 420 1842 547 1906; x_wconf 87' lang='lat' dir='ltr'>corpus,</span> <span class='ocrx_word' id='word_1_65' title='bbox 563 1841 626 1883; x_wconf 91' lang='lat' dir='ltr'>uon</span> <span class='ocrx_word' id='word_1_66' title='bbox 641 1819 701 1885; x_wconf 89' lang='lat' dir='ltr'>erit</span> <span class='ocrx_word' id='word_1_67' title='bbox 716 1840 822 1905; x_wconf 81' lang='lat' dir='ltr'>genus</span> <span class='ocrx_word' id='word_1_68' title='bbox 836 1817 992 1897; x_wconf 88' lang='lat' dir='ltr'>animalis,</span> <span class='ocrx_word' id='word_1_69' title='bbox 1005 1841 1045 1882; x_wconf 92' lang='lat' dir='ltr'>eo</span> <span class='ocrx_word' id='word_1_70' title='bbox 1059 1818 1149 1905; x_wconf 91' lang='lat' dir='ltr'>quod</span> <span class='ocrx_word' id='word_1_71' title='bbox 1171 1839 1240 1905; x_wconf 79' lang='lat' dir='ltr'>pers</span> 
     </span>
     <span class='ocr_line' id='line_1_11' title="bbox 286 1919 1240 2008; baseline -0.002 -23"><span class='ocrx_word' id='word_1_72' title='bbox 286 1934 344 1986; x_wconf 87' lang='lat' dir='ltr'>est.</span> <span class='ocrx_word' id='word_1_73' title='bbox 389 1921 490 1986; x_wconf 79' lang='lat' dir='ltr'>Nullo</span> <span class='ocrx_word' id='word_1_74' title='bbox 504 1922 588 1986; x_wconf 90' lang='lat' dir='ltr'>enim</span> <span class='ocrx_word' id='word_1_75' title='bbox 603 1921 699 1985; x_wconf 93' lang='lat' dir='ltr'>modo</span> <span class='ocrx_word' id='word_1_76' title='bbox 714 1942 788 2008; x_wconf 86' lang='lat' dir='ltr'>pars</span> <span class='ocrx_word' id='word_1_77' title='bbox 807 1920 848 1985; x_wconf 89' lang='lat' dir='ltr'>de</span> <span class='ocrx_word' id='word_1_78' title='bbox 870 1933 941 1985; x_wconf 88' lang='lat' dir='ltr'>toto</span> <span class='ocrx_word' id='word_1_79' title='bbox 961 1919 1174 2007; x_wconf 67' lang='lat' dir='ltr'>praedicatur:</span> <span class='ocrx_word' id='word_1_80' title='bbox 1197 1920 1240 1984; x_wconf 81' lang='lat' dir='ltr'>its</span> 
     </span>
     <span class='ocr_line' id='line_1_12' title="bbox 287 2018 1239 2109; baseline -0.003 -23"><span class='ocrx_word' id='word_1_81' title='bbox 287 2023 430 2108; x_wconf 88' lang='lat' dir='ltr'>quidem,</span> <span class='ocrx_word' id='word_1_82' title='bbox 458 2023 484 2086; x_wconf 87' lang='lat' dir='ltr'>si</span> <span class='ocrx_word' id='word_1_83' title='bbox 512 2021 630 2087; x_wconf 82' lang='lat' dir='ltr'>locutio</span> <span class='ocrx_word' id='word_1_84' title='bbox 655 2022 800 2109; x_wconf 83' lang='lat' dir='ltr'>propria:</span> <span class='ocrx_word' id='word_1_85' title='bbox 824 2041 899 2086; x_wconf 88' lang='lat' dir='ltr'>nam</span> <span class='ocrx_word' id='word_1_86' title='bbox 924 2023 957 2086; x_wconf 89' lang='lat' dir='ltr'>iu</span> <span class='ocrx_word' id='word_1_87' title='bbox 984 2022 1131 2108; x_wconf 81' lang='lat' dir='ltr'>figuratis</span> <span class='ocrx_word' id='word_1_88' title='bbox 1161 2018 1239 2085; x_wconf 90' lang='lat' dir='ltr'>nihil</span> 
     </span>
     <span class='ocr_line' id='line_1_13' title="bbox 286 2122 1240 2210; baseline 0.001 -24"><span class='ocrx_word' id='word_1_89' title='bbox 286 2123 446 2210; x_wconf 88' lang='lat' dir='ltr'>probibet.</span> <span class='ocrx_word' id='word_1_90' title='bbox 490 2124 638 2189; x_wconf 67' lang='lat' dir='ltr'>&#39;Ibsdunt</span> <span class='ocrx_word' id='word_1_91' title='bbox 663 2123 777 2210; x_wconf 88' lang='lat' dir='ltr'>utique</span> <span class='ocrx_word' id='word_1_92' title='bbox 801 2123 1023 2202; x_wconf 85' lang='lat' dir='ltr'>Grammatici‚</span> <span class='ocrx_word' id='word_1_93' title='bbox 1042 2136 1172 2209; x_wconf 90' lang='lat' dir='ltr'>tropum</span> <span class='ocrx_word' id='word_1_94' title='bbox 1196 2122 1240 2187; x_wconf 91' lang='lat' dir='ltr'>lo-</span> 
     </span>
     <span class='ocr_line' id='line_1_14' title="bbox 285 2224 1238 2312; baseline -0.001 -23"><span class='ocrx_word' id='word_1_95' title='bbox 285 2225 424 2290; x_wconf 86' lang='lat' dir='ltr'>cutionis</span> <span class='ocrx_word' id='word_1_96' title='bbox 445 2248 523 2301; x_wconf 84' lang='lat' dir='ltr'>esse,</span> <span class='ocrx_word' id='word_1_97' title='bbox 546 2225 602 2310; x_wconf 93' lang='lat' dir='ltr'>qui</span> <span class='ocrx_word' id='word_1_98' title='bbox 626 2224 833 2311; x_wconf 84' lang='lat' dir='ltr'>Syneedocbe</span> <span class='ocrx_word' id='word_1_99' title='bbox 854 2224 1044 2312; x_wconf 80' lang='lat' dir='ltr'>appellatur,</span> <span class='ocrx_word' id='word_1_100' title='bbox 1067 2237 1101 2290; x_wconf 90' lang='lat' dir='ltr'>et</span> <span class='ocrx_word' id='word_1_101' title='bbox 1125 2245 1238 2289; x_wconf 88' lang='lat' dir='ltr'>nomen</span> 
     </span>
     <span class='ocr_line' id='line_1_15' title="bbox 285 2325 1237 2413; baseline -0.004 -21"><span class='ocrx_word' id='word_1_102' title='bbox 285 2326 397 2404; x_wconf 88' lang='lat' dir='ltr'>totius,</span> <span class='ocrx_word' id='word_1_103' title='bbox 418 2327 513 2413; x_wconf 86' lang='lat' dir='ltr'>porti,</span> <span class='ocrx_word' id='word_1_104' title='bbox 533 2338 566 2390; x_wconf 87' lang='lat' dir='ltr'>et</span> <span class='ocrx_word' id='word_1_105' title='bbox 587 2325 698 2390; x_wconf 89' lang='lat' dir='ltr'>itidem</span> <span class='ocrx_word' id='word_1_106' title='bbox 720 2326 822 2412; x_wconf 83' lang='lat' dir='ltr'>partis</span> <span class='ocrx_word' id='word_1_107' title='bbox 843 2347 972 2403; x_wconf 88' lang='lat' dir='ltr'>nomeu,</span> <span class='ocrx_word' id='word_1_108' title='bbox 992 2326 1053 2392; x_wconf 89' lang='lat' dir='ltr'>toti</span> <span class='ocrx_word' id='word_1_109' title='bbox 1076 2326 1237 2391; x_wconf 79' lang='lat' dir='ltr'>attribuit:</span> 
     </span>
     <span class='ocr_line' id='line_1_16' title="bbox 285 2425 1239 2514; baseline 0 -24"><span class='ocrx_word' id='word_1_110' title='bbox 285 2449 335 2491; x_wconf 85' lang='lat' dir='ltr'>res</span> <span class='ocrx_word' id='word_1_111' title='bbox 364 2427 459 2507; x_wconf 88' lang='lat' dir='ltr'>enim,</span> <span class='ocrx_word' id='word_1_112' title='bbox 484 2425 639 2512; x_wconf 77' lang='lat' dir='ltr'>dignioris</span> <span class='ocrx_word' id='word_1_113' title='bbox 664 2438 721 2490; x_wconf 90' lang='lat' dir='ltr'>aut</span> <span class='ocrx_word' id='word_1_114' title='bbox 750 2426 884 2492; x_wconf 73' lang='lat' dir='ltr'>notioris</span> <span class='ocrx_word' id='word_1_115' title='bbox 912 2427 1024 2514; x_wconf 85' lang='lat' dir='ltr'>partis,</span> <span class='ocrx_word' id='word_1_116' title='bbox 1050 2425 1239 2513; x_wconf 86' lang='lat' dir='ltr'>plerumque</span> 
     </span>
     <span class='ocr_line' id='line_1_17' title="bbox 285 2526 1238 2614; baseline 0.002 -23"><span class='ocrx_word' id='word_1_117' title='bbox 285 2526 418 2613; x_wconf 79' lang='lat' dir='ltr'>suscipit</span> <span class='ocrx_word' id='word_1_118' title='bbox 441 2548 564 2591; x_wconf 86' lang='lat' dir='ltr'>nomeu.</span> <span class='ocrx_word' id='word_1_119' title='bbox 611 2526 708 2591; x_wconf 87' lang='lat' dir='ltr'><strong>Unde</strong></span> <span class='ocrx_word' id='word_1_120' title='bbox 729 2526 835 2607; x_wconf 88' lang='lat' dir='ltr'>bomo,</span> <span class='ocrx_word' id='word_1_121' title='bbox 849 2528 907 2614; x_wconf 91' lang='lat' dir='ltr'>qui</span> <span class='ocrx_word' id='word_1_122' title='bbox 927 2549 967 2592; x_wconf 87' lang='lat' dir='ltr'>ex</span> <span class='ocrx_word' id='word_1_123' title='bbox 990 2527 1097 2592; x_wconf 75' lang='lat' dir='ltr'>mima</span> <span class='ocrx_word' id='word_1_124' title='bbox 1117 2540 1238 2593; x_wconf 81' lang='lat' dir='ltr'>constat</span> 
     </span>
     <span class='ocr_line' id='line_1_18' title="bbox 285 2626 1239 2716; baseline 0.002 -24"><span class='ocrx_word' id='word_1_125' title='bbox 285 2641 317 2694; x_wconf 88' lang='lat' dir='ltr'>et</span> <span class='ocrx_word' id='word_1_126' title='bbox 332 2651 475 2716; x_wconf 88' lang='lat' dir='ltr'>corpore,</span> <span class='ocrx_word' id='word_1_127' title='bbox 491 2641 523 2694; x_wconf 93' lang='lat' dir='ltr'>et</span> <span class='ocrx_word' id='word_1_128' title='bbox 539 2629 622 2693; x_wconf 88' lang='lat' dir='ltr'>sicut</span> <span class='ocrx_word' id='word_1_129' title='bbox 641 2626 765 2704; x_wconf 86' lang='lat' dir='ltr'>Cicero,</span> <span class='ocrx_word' id='word_1_130' title='bbox 783 2628 950 2715; x_wconf 87' lang='lat' dir='ltr'>Apuleius,</span> <span class='ocrx_word' id='word_1_131' title='bbox 973 2639 1007 2693; x_wconf 87' lang='lat' dir='ltr'>et</span> <span class='ocrx_word' id='word_1_132' title='bbox 1027 2629 1117 2715; x_wconf 92' lang='lat' dir='ltr'>quod</span> <span class='ocrx_word' id='word_1_133' title='bbox 1139 2630 1239 2716; x_wconf 88' lang='lat' dir='ltr'>msjus</span> 
     </span>
     <span class='ocr_line' id='line_1_19' title="bbox 285 2729 1239 2818; baseline 0.002 -25"><span class='ocrx_word' id='word_1_134' title='bbox 285 2743 349 2808; x_wconf 86' lang='lat' dir='ltr'>est,</span> <span class='ocrx_word' id='word_1_135' title='bbox 368 2729 598 2818; x_wconf 83' lang='lat' dir='ltr'>Hieronymus,</span> <span class='ocrx_word' id='word_1_136' title='bbox 614 2731 817 2816; x_wconf 78' lang='lat' dir='ltr'>Augustinus</span> <span class='ocrx_word' id='word_1_137' title='bbox 831 2743 863 2794; x_wconf 90' lang='lat' dir='ltr'>et</span> <span class='ocrx_word' id='word_1_138' title='bbox 879 2730 973 2795; x_wconf 88' lang='lat' dir='ltr'>multi</span> <span class='ocrx_word' id='word_1_139' title='bbox 997 2731 1063 2805; x_wconf 84' lang='lat' dir='ltr'>alii,</span> <span class='ocrx_word' id='word_1_140' title='bbox 1086 2743 1151 2796; x_wconf 84' lang='lat' dir='ltr'>tam</span> <span class='ocrx_word' id='word_1_141' title='bbox 1174 2753 1239 2795; x_wconf 76' lang='lat' dir='ltr'>nos</span> 
     </span>
     <span class='ocr_line' id='line_1_20' title="bbox 287 2827 1238 2918; baseline 0.003 -23"><span class='ocrx_word' id='word_1_142' title='bbox 287 2847 420 2912; x_wconf 87' lang='lat' dir='ltr'>trorum,</span> <span class='ocrx_word' id='word_1_143' title='bbox 443 2854 540 2918; x_wconf 84' lang='lat' dir='ltr'>quam</span> <span class='ocrx_word' id='word_1_144' title='bbox 567 2827 757 2905; x_wconf 87' lang='lat' dir='ltr'>Gentilium,</span> <span class='ocrx_word' id='word_1_145' title='bbox 784 2843 954 2908; x_wconf 78' lang='lat' dir='ltr'>testantur,</span> <span class='ocrx_word' id='word_1_146' title='bbox 980 2852 1043 2894; x_wconf 91' lang='lat' dir='ltr'>non</span> <span class='ocrx_word' id='word_1_147' title='bbox 1071 2832 1173 2917; x_wconf 78' lang='lat' dir='ltr'>magis</span> <span class='ocrx_word' id='word_1_148' title='bbox 1193 2841 1238 2898; x_wconf 85' lang='lat' dir='ltr'>est</span> 
     </span>
     <span class='ocr_line' id='line_1_21' title="bbox 285 2931 1236 3021; baseline 0.003 -26"><span class='ocrx_word' id='word_1_149' title='bbox 285 2953 413 3018; x_wconf 87' lang='lat' dir='ltr'>corpus,</span> <span class='ocrx_word' id='word_1_150' title='bbox 428 2956 525 3020; x_wconf 91' lang='lat' dir='ltr'>quam</span> <span class='ocrx_word' id='word_1_151' title='bbox 541 2933 657 3010; x_wconf 83' lang='lat' dir='ltr'>auimo,</span> <span class='ocrx_word' id='word_1_152' title='bbox 672 2931 728 2996; x_wconf 90' lang='lat' dir='ltr'>sed</span> <span class='ocrx_word' id='word_1_153' title='bbox 748 2932 986 3018; x_wconf 88' lang='lat' dir='ltr'>quodammodo</span> <span class='ocrx_word' id='word_1_154' title='bbox 1006 2932 1113 2998; x_wconf 84' lang='lat' dir='ltr'>minus</span> <span class='ocrx_word' id='word_1_155' title='bbox 1130 2956 1236 3021; x_wconf 80' lang='lat' dir='ltr'>corpo</span> 
     </span>
     <span class='ocr_line' id='line_1_22' title="bbox 284 3032 1235 3123; baseline 0.004 -27"><span class='ocrx_word' id='word_1_156' title='bbox 284 3033 327 3098; x_wconf 86' lang='lat' dir='ltr'>ris</span> <span class='ocrx_word' id='word_1_157' title='bbox 340 3049 485 3101; x_wconf 85' lang='lat' dir='ltr'>censetur</span> <span class='ocrx_word' id='word_1_158' title='bbox 505 3034 629 3100; x_wconf 91' lang='lat' dir='ltr'>nomine</span> <span class='ocrx_word' id='word_1_159' title='bbox 652 3034 827 3099; x_wconf 86' lang='lat' dir='ltr'>secundum</span> <span class='ocrx_word' id='word_1_160' title='bbox 849 3032 1015 3121; x_wconf 90' lang='lat' dir='ltr'>publicum</span> <span class='ocrx_word' id='word_1_161' title='bbox 1037 3058 1142 3112; x_wconf 90' lang='lat' dir='ltr'>usum,</span> <span class='ocrx_word' id='word_1_162' title='bbox 1158 3059 1235 3123; x_wconf 77' lang='lat' dir='ltr'>quo</span> 
     </span>
     <span class='ocr_line' id='line_1_23' title="bbox 286 3136 1237 3224; baseline 0.002 -24"><span class='ocrx_word' id='word_1_163' title='bbox 286 3136 371 3202; x_wconf 88' lang='lat' dir='ltr'>niam</span> <span class='ocrx_word' id='word_1_164' title='bbox 387 3159 462 3224; x_wconf 86' lang='lat' dir='ltr'>pors</span> <span class='ocrx_word' id='word_1_165' title='bbox 473 3137 527 3202; x_wconf 84' lang='lat' dir='ltr'>ills</span> <span class='ocrx_word' id='word_1_166' title='bbox 542 3136 719 3205; x_wconf 80' lang='lat' dir='ltr'>evidentior</span> <span class='ocrx_word' id='word_1_167' title='bbox 734 3150 794 3216; x_wconf 90' lang='lat' dir='ltr'>est,</span> <span class='ocrx_word' id='word_1_168' title='bbox 803 3150 836 3202; x_wconf 91' lang='lat' dir='ltr'>et</span> <span class='ocrx_word' id='word_1_169' title='bbox 848 3137 992 3203; x_wconf 83' lang='lat' dir='ltr'>sensibus</span> <span class='ocrx_word' id='word_1_170' title='bbox 1003 3136 1125 3204; x_wconf 84' lang='lat' dir='ltr'>notior:</span> <span class='ocrx_word' id='word_1_171' title='bbox 1148 3160 1237 3224; x_wconf 76' lang='lat' dir='ltr'>reque</span> 
     </span>
     <span class='ocr_line' id='line_1_24' title="bbox 286 3238 1237 3326; baseline 0.002 -25"><span class='ocrx_word' id='word_1_172' title='bbox 286 3249 392 3302; x_wconf 88' lang='lat' dir='ltr'>tamen</span> <span class='ocrx_word' id='word_1_173' title='bbox 419 3263 529 3304; x_wconf 84' lang='lat' dir='ltr'>verum</span> <span class='ocrx_word' id='word_1_174' title='bbox 555 3253 616 3321; x_wconf 90' lang='lat' dir='ltr'>est,</span> <span class='ocrx_word' id='word_1_175' title='bbox 640 3239 694 3304; x_wconf 91' lang='lat' dir='ltr'>sed</span> <span class='ocrx_word' id='word_1_176' title='bbox 717 3262 737 3303; x_wconf 87' lang='lat' dir='ltr'>a</span> <span class='ocrx_word' id='word_1_177' title='bbox 758 3238 833 3304; x_wconf 90' lang='lat' dir='ltr'>solis</span> <span class='ocrx_word' id='word_1_178' title='bbox 854 3239 1054 3326; x_wconf 85' lang='lat' dir='ltr'>pbilosophis</span> <span class='ocrx_word' id='word_1_179' title='bbox 1074 3239 1237 3326; x_wconf 84' lang='lat' dir='ltr'>recipitur,</span> 
     </span>
     <span class='ocr_line' id='line_1_25' title="bbox 284 3338 1237 3422; baseline 0.007 -22"><span class='ocrx_word' id='word_1_180' title='bbox 284 3338 390 3422; x_wconf 92' lang='lat' dir='ltr'>ipsum</span> <span class='ocrx_word' id='word_1_181' title='bbox 414 3362 481 3404; x_wconf 87' lang='lat' dir='ltr'>esse</span> <span class='ocrx_word' id='word_1_182' title='bbox 507 3342 655 3406; x_wconf 80' lang='lat' dir='ltr'>ammam.</span> <span class='ocrx_word' id='word_1_183' title='bbox 709 3345 779 3407; x_wconf 91' lang='lat' dir='ltr'>Nec</span> <span class='ocrx_word' id='word_1_184' title='bbox 804 3355 909 3407; x_wconf 88' lang='lat' dir='ltr'>tamen</span> <span class='ocrx_word' id='word_1_185' title='bbox 933 3341 976 3406; x_wconf 92' lang='lat' dir='ltr'>ob</span> <span class='ocrx_word' id='word_1_186' title='bbox 1000 3341 1072 3418; x_wconf 91' lang='lat' dir='ltr'>boc,</span> <span class='ocrx_word' id='word_1_187' title='bbox 1097 3365 1166 3407; x_wconf 90' lang='lat' dir='ltr'>esse</span> <span class='ocrx_word' id='word_1_188' title='bbox 1193 3342 1237 3407; x_wconf 90' lang='lat' dir='ltr'>in-</span> 
     </span>
     <span class='ocr_line' id='line_1_26' title="bbox 283 3440 1236 3527; baseline 0.008 -26"><span class='ocrx_word' id='word_1_189' title='bbox 283 3459 470 3523; x_wconf 90' lang='lat' dir='ltr'>corporeum</span> <span class='ocrx_word' id='word_1_190' title='bbox 483 3441 648 3526; x_wconf 90' lang='lat' dir='ltr'>sequitur:</span> <span class='ocrx_word' id='word_1_191' title='bbox 673 3445 836 3527; x_wconf 88' lang='lat' dir='ltr'>quonism,</span> <span class='ocrx_word' id='word_1_192' title='bbox 852 3452 890 3506; x_wconf 90' lang='lat' dir='ltr'>ut</span> <span class='ocrx_word' id='word_1_193' title='bbox 903 3440 1008 3506; x_wconf 83' lang='lat' dir='ltr'>aiebat</span> <span class='ocrx_word' id='word_1_194' title='bbox 1024 3441 1236 3517; x_wconf 75' lang='lat' dir='ltr'>Abaleardus.</span> 
     </span>
     <span class='ocr_line' id='line_1_27' title="bbox 284 3541 1236 3633; baseline 0.006 -30"><span class='ocrx_word' id='word_1_195' title='bbox 284 3541 412 3626; x_wconf 83' lang='lat' dir='ltr'>negatio</span> <span class='ocrx_word' id='word_1_196' title='bbox 434 3541 650 3606; x_wconf 83' lang='lat' dir='ltr'>vehementior</span> <span class='ocrx_word' id='word_1_197' title='bbox 673 3556 730 3607; x_wconf 85' lang='lat' dir='ltr'>est.</span> <span class='ocrx_word' id='word_1_198' title='bbox 777 3544 976 3632; x_wconf 81' lang='lat' dir='ltr'>Figurativae</span> <span class='ocrx_word' id='word_1_199' title='bbox 998 3568 1130 3633; x_wconf 90' lang='lat' dir='ltr'>quoque</span> <span class='ocrx_word' id='word_1_200' title='bbox 1152 3544 1236 3610; x_wconf 89' lang='lat' dir='ltr'>locu·</span> 
     </span>
     <span class='ocr_line' id='line_1_28' title="bbox 285 3640 1235 3734; baseline 0.007 -30"><span class='ocrx_word' id='word_1_201' title='bbox 285 3640 379 3705; x_wconf 87' lang='lat' dir='ltr'>tionis</span> <span class='ocrx_word' id='word_1_202' title='bbox 404 3662 607 3728; x_wconf 84' lang='lat' dir='ltr'>progressum</span> <span class='ocrx_word' id='word_1_203' title='bbox 633 3642 818 3711; x_wconf 80' lang='lat' dir='ltr'>inhibebat:</span> <span class='ocrx_word' id='word_1_204' title='bbox 850 3647 1003 3734; x_wconf 92' lang='lat' dir='ltr'>eoquod</span> <span class='ocrx_word' id='word_1_205' title='bbox 1029 3647 1152 3734; x_wconf 80' lang='lat' dir='ltr'>figuras</span> <span class='ocrx_word' id='word_1_206' title='bbox 1175 3669 1235 3711; x_wconf 92' lang='lat' dir='ltr'>non</span> 
     </span>
     <span class='ocr_line' id='line_1_29' title="bbox 283 3743 1234 3837; baseline 0.007 -31"><span class='ocrx_word' id='word_1_207' title='bbox 283 3743 358 3807; x_wconf 86' lang='lat' dir='ltr'>licet</span> <span class='ocrx_word' id='word_1_208' title='bbox 372 3743 556 3820; x_wconf 81' lang='lat' dir='ltr'>extendere,</span> <span class='ocrx_word' id='word_1_209' title='bbox 571 3767 647 3831; x_wconf 85' lang='lat' dir='ltr'>quae</span> <span class='ocrx_word' id='word_1_210' title='bbox 661 3744 739 3832; x_wconf 87' lang='lat' dir='ltr'>ipsae</span> <span class='ocrx_word' id='word_1_211' title='bbox 755 3767 818 3811; x_wconf 90' lang='lat' dir='ltr'>non</span> <span class='ocrx_word' id='word_1_212' title='bbox 833 3747 1044 3834; x_wconf 87' lang='lat' dir='ltr'>recipiuntur,</span> <span class='ocrx_word' id='word_1_213' title='bbox 1060 3749 1120 3814; x_wconf 89' lang='lat' dir='ltr'>nisi</span> <span class='ocrx_word' id='word_1_214' title='bbox 1136 3769 1234 3837; x_wconf 90' lang='lat' dir='ltr'>quum</span> 
     </span>
     <span class='ocr_line' id='line_1_30' title="bbox 283 3844 1235 3936; baseline 0.007 -28"><span class='ocrx_word' id='word_1_215' title='bbox 283 3844 424 3931; x_wconf 87' lang='lat' dir='ltr'>expedit.</span> <span class='ocrx_word' id='word_1_216' title='bbox 471 3845 605 3911; x_wconf 88' lang='lat' dir='ltr'>Nullum</span> <span class='ocrx_word' id='word_1_217' title='bbox 620 3860 728 3912; x_wconf 87' lang='lat' dir='ltr'>autem</span> <span class='ocrx_word' id='word_1_218' title='bbox 743 3870 848 3934; x_wconf 84' lang='lat' dir='ltr'>genus</span> <span class='ocrx_word' id='word_1_219' title='bbox 863 3849 1050 3936; x_wconf 85' lang='lat' dir='ltr'>figuraliter,</span> <span class='ocrx_word' id='word_1_220' title='bbox 1064 3864 1123 3917; x_wconf 82' lang='lat' dir='ltr'>sut</span> <span class='ocrx_word' id='word_1_221' title='bbox 1138 3865 1235 3916; x_wconf 70' lang='lat' dir='ltr'>arsos</span> 
     </span>
    </p>
   </div>
   <div class='ocr_carea' id='block_1_3' title="bbox 284 3946 1236 4547">
    <p class='ocr_par' dir='ltr' id='par_1_3' title="bbox 284 3946 1236 4547">
     <span class='ocr_line' id='line_1_31' title="bbox 284 3946 1236 4040; baseline 0.005 -28"><span class='ocrx_word' id='word_1_222' title='bbox 284 3946 392 4027; x_wconf 86' lang='lat' dir='ltr'>lstive,</span> <span class='ocrx_word' id='word_1_223' title='bbox 407 3949 449 4013; x_wconf 92' lang='lat' dir='ltr'>de</span> <span class='ocrx_word' id='word_1_224' title='bbox 463 3950 567 4036; x_wconf 88' lang='lat' dir='ltr'>specie</span> <span class='ocrx_word' id='word_1_225' title='bbox 581 3947 792 4037; x_wconf 83' lang='lat' dir='ltr'>praedicstur:</span> <span class='ocrx_word' id='word_1_226' title='bbox 817 3973 943 4038; x_wconf 90' lang='lat' dir='ltr'>semper</span> <span class='ocrx_word' id='word_1_227' title='bbox 956 3954 1053 4032; x_wconf 91' lang='lat' dir='ltr'>enim,</span> <span class='ocrx_word' id='word_1_228' title='bbox 1063 3966 1096 4017; x_wconf 86' lang='lat' dir='ltr'>et</span> <span class='ocrx_word' id='word_1_229' title='bbox 1111 3956 1236 4040; x_wconf 83' lang='lat' dir='ltr'>proprie</span> 
     </span>
     <span class='ocr_line' id='line_1_32' title="bbox 285 4050 1233 4141; baseline 0.007 -27"><span class='ocrx_word' id='word_1_230' title='bbox 285 4073 397 4116; x_wconf 84' lang='lat' dir='ltr'>verum</span> <span class='ocrx_word' id='word_1_231' title='bbox 408 4062 456 4117; x_wconf 91' lang='lat' dir='ltr'>est</span> <span class='ocrx_word' id='word_1_232' title='bbox 464 4050 504 4118; x_wconf 91' lang='lat' dir='ltr'>de</span> <span class='ocrx_word' id='word_1_233' title='bbox 514 4052 600 4117; x_wconf 92' lang='lat' dir='ltr'>omni</span> <span class='ocrx_word' id='word_1_234' title='bbox 612 4076 661 4132; x_wconf 93' lang='lat' dir='ltr'>eo,</span> <span class='ocrx_word' id='word_1_235' title='bbox 670 4053 763 4139; x_wconf 86' lang='lat' dir='ltr'>cujus</span> <span class='ocrx_word' id='word_1_236' title='bbox 774 4066 822 4118; x_wconf 88' lang='lat' dir='ltr'>est</span> <span class='ocrx_word' id='word_1_237' title='bbox 835 4075 946 4138; x_wconf 79' lang='lat' dir='ltr'>genus.</span> <span class='ocrx_word' id='word_1_238' title='bbox 979 4054 1012 4117; x_wconf 89' lang='lat' dir='ltr'>Si</span> <span class='ocrx_word' id='word_1_239' title='bbox 1025 4054 1105 4141; x_wconf 91' lang='lat' dir='ltr'>quid</span> <span class='ocrx_word' id='word_1_240' title='bbox 1116 4069 1233 4133; x_wconf 89' lang='lat' dir='ltr'>autem,</span> 
     </span>
     <span class='ocr_line' id='line_1_33' title="bbox 284 4152 1235 4242; baseline 0.002 -26"><span class='ocrx_word' id='word_1_241' title='bbox 284 4174 347 4218; x_wconf 92' lang='lat' dir='ltr'>non</span> <span class='ocrx_word' id='word_1_242' title='bbox 366 4154 461 4220; x_wconf 93' lang='lat' dir='ltr'>modo</span> <span class='ocrx_word' id='word_1_243' title='bbox 480 4154 512 4219; x_wconf 89' lang='lat' dir='ltr'>in</span> <span class='ocrx_word' id='word_1_244' title='bbox 529 4153 719 4241; x_wconf 78' lang='lat' dir='ltr'>porphyrio,</span> <span class='ocrx_word' id='word_1_245' title='bbox 735 4152 791 4218; x_wconf 89' lang='lat' dir='ltr'>sed</span> <span class='ocrx_word' id='word_1_246' title='bbox 810 4153 844 4216; x_wconf 90' lang='lat' dir='ltr'>in</span> <span class='ocrx_word' id='word_1_247' title='bbox 863 4154 979 4240; x_wconf 86' lang='lat' dir='ltr'>quavis</span> <span class='ocrx_word' id='word_1_248' title='bbox 993 4155 1235 4242; x_wconf 87' lang='lat' dir='ltr'>scripturarum,</span> 
     </span>
     <span class='ocr_line' id='line_1_34' title="bbox 285 4252 1235 4328; baseline 0.004 -12"><span class='ocrx_word' id='word_1_249' title='bbox 285 4253 447 4320; x_wconf 77' lang='lat' dir='ltr'>intellectu</span> <span class='ocrx_word' id='word_1_250' title='bbox 475 4252 635 4319; x_wconf 87' lang='lat' dir='ltr'>difficilius</span> <span class='ocrx_word' id='word_1_251' title='bbox 664 4253 815 4328; x_wconf 85' lang='lat' dir='ltr'>occurrit,</span> <span class='ocrx_word' id='word_1_252' title='bbox 845 4275 908 4318; x_wconf 92' lang='lat' dir='ltr'>non</span> <span class='ocrx_word' id='word_1_253' title='bbox 939 4255 1046 4319; x_wconf 87' lang='lat' dir='ltr'>statim</span> <span class='ocrx_word' id='word_1_254' title='bbox 1077 4255 1235 4323; x_wconf 82' lang='lat' dir='ltr'>deterreat</span> 
     </span>
     <span class='ocr_line' id='line_1_35' title="bbox 286 4354 1236 4443; baseline 0.004 -27"><span class='ocrx_word' id='word_1_255' title='bbox 286 4354 452 4440; x_wconf 82' lang='lat' dir='ltr'>legentem,</span> <span class='ocrx_word' id='word_1_256' title='bbox 466 4371 523 4421; x_wconf 87' lang='lat' dir='ltr'>aut</span> <span class='ocrx_word' id='word_1_257' title='bbox 546 4354 740 4432; x_wconf 84' lang='lat' dir='ltr'>audientem,</span> <span class='ocrx_word' id='word_1_258' title='bbox 756 4354 811 4419; x_wconf 88' lang='lat' dir='ltr'>sed</span> <span class='ocrx_word' id='word_1_259' title='bbox 832 4356 1012 4441; x_wconf 81' lang='lat' dir='ltr'>praeeedat:</span> <span class='ocrx_word' id='word_1_260' title='bbox 1036 4359 1114 4443; x_wconf 87' lang='lat' dir='ltr'>quis</span> <span class='ocrx_word' id='word_1_261' title='bbox 1138 4383 1171 4423; x_wconf 87' lang='lat' dir='ltr'>se</span> <span class='ocrx_word' id='word_1_262' title='bbox 1192 4357 1236 4421; x_wconf 90' lang='lat' dir='ltr'>in·</span> 
     </span>
     <span class='ocr_line' id='line_1_36' title="bbox 287 4455 1234 4547; baseline 0.008 -31"><span class='ocrx_word' id='word_1_263' title='bbox 287 4455 384 4520; x_wconf 84' lang='lat' dir='ltr'>vicem</span> <span class='ocrx_word' id='word_1_264' title='bbox 405 4459 657 4545; x_wconf 81' lang='lat' dir='ltr'>interpretantur</span> <span class='ocrx_word' id='word_1_265' title='bbox 679 4469 836 4536; x_wconf 88' lang='lat' dir='ltr'>auctores,</span> <span class='ocrx_word' id='word_1_266' title='bbox 851 4471 882 4521; x_wconf 82' lang='lat' dir='ltr'>et</span> <span class='ocrx_word' id='word_1_267' title='bbox 902 4458 1035 4544; x_wconf 77' lang='lat' dir='ltr'>singulae</span> <span class='ocrx_word' id='word_1_268' title='bbox 1057 4460 1234 4547; x_wconf 71' lang='lat' dir='ltr'>scripture,</span> 
     </span>
    </p>
   </div>
   <div class='ocr_carea' id='block_1_4' title="bbox 0 0 1500 5592">
    <p class='ocr_par' dir='ltr' id='par_1_4' title="bbox 0 0 1500 5592">
     <span class='ocr_line' id='line_1_37' title="bbox 0 0 1500 5592; baseline 0 0"><span class='ocrx_word' id='word_1_269' title='bbox 0 0 1500 5592; x_wconf 95' lang='lat' dir='ltr'> </span> 
     </span>
    </p>
   </div>
  </div>
 </body>
</html>
