<?xml version="1.0" encoding="UTF-8"?>
<!DOCTYPE html PUBLIC "-//W3C//DTD XHTML 1.0 Transitional//EN"
    "http://www.w3.org/TR/xhtml1/DTD/xhtml1-transitional.dtd">
<html xmlns="http://www.w3.org/1999/xhtml" xml:lang="en" lang="en">
 <head>
  <title>
</title>
<meta http-equiv="Content-Type" content="text/html;charset=utf-8" />
  <meta name='ocr-system' content='tesseract 3.04.00' />
  <meta name='ocr-capabilities' content='ocr_page ocr_carea ocr_par ocr_line ocrx_word'/>
</head>
<body>
  <div class='ocr_page' id='page_1' title='image "./joannissaresber15johngoog_0158.png"; bbox 0 0 2992 5592; ppageno 0'>
   <div class='ocr_carea' id='block_1_1' title="bbox 280 784 1223 863">
    <p class='ocr_par' dir='ltr' id='par_1_1' title="bbox 280 784 1223 863">
     <span class='ocr_line' id='line_1_1' title="bbox 280 784 1223 863; baseline -0.005 -10"><span class='ocrx_word' id='word_1_1' title='bbox 280 795 339 853; x_wconf 75' lang='lat' dir='ltr'><strong>lta</strong></span> <span class='ocrx_word' id='word_1_2' title='bbox 525 803 660 848; x_wconf 78' lang='lat' dir='ltr'><strong>Joauurs</strong></span> <span class='ocrx_word' id='word_1_3' title='bbox 677 802 955 847; x_wconf 80' lang='lat' dir='ltr'><strong>sanasnaurausrs</strong></span> <span class='ocrx_word' id='word_1_4' title='bbox 1069 784 1153 863; x_wconf 79' lang='lat' dir='ltr'><strong>[arn.</strong></span> <span class='ocrx_word' id='word_1_5' title='bbox 1173 800 1223 848; x_wconf 84' lang='lat'><em>111.</em></span> 
     </span>
    </p>
   </div>
   <div class='ocr_carea' id='block_1_2' title="bbox 271 952 1227 1859">
    <p class='ocr_par' dir='ltr' id='par_1_2' title="bbox 271 952 1227 1859">
     <span class='ocr_line' id='line_1_2' title="bbox 277 952 1225 1041; baseline -0.002 -19"><span class='ocrx_word' id='word_1_6' title='bbox 277 959 392 1024; x_wconf 87' lang='lat' dir='ltr'><strong>vidua:</strong></span> <span class='ocrx_word' id='word_1_7' title='bbox 416 980 454 1021; x_wconf 89' lang='lat' dir='ltr'><strong>eo</strong></span> <span class='ocrx_word' id='word_1_8' title='bbox 466 954 553 1041; x_wconf 93' lang='lat' dir='ltr'><strong>quod</strong></span> <span class='ocrx_word' id='word_1_9' title='bbox 565 953 753 1018; x_wconf 84' lang='lat' dir='ltr'><strong>differentiis</strong></span> <span class='ocrx_word' id='word_1_10' title='bbox 765 952 1029 1018; x_wconf 76' lang='lat' dir='ltr'><strong>substantialibus</strong></span> <span class='ocrx_word' id='word_1_11' title='bbox 1040 955 1082 1020; x_wconf 88' lang='lat' dir='ltr'><strong>ab</strong></span> <span class='ocrx_word' id='word_1_12' title='bbox 1093 957 1225 1020; x_wconf 86' lang='lat' dir='ltr'><strong>invicem</strong></span> 
     </span>
     <span class='ocr_line' id='line_1_3' title="bbox 275 1057 1227 1148; baseline -0.005 -20"><span class='ocrx_word' id='word_1_13' title='bbox 275 1086 336 1128; x_wconf 92' lang='lat' dir='ltr'><strong>non</strong></span> <span class='ocrx_word' id='word_1_14' title='bbox 353 1073 552 1148; x_wconf 77' lang='lat' dir='ltr'><strong>separantur.</strong></span> <span class='ocrx_word' id='word_1_15' title='bbox 597 1059 697 1122; x_wconf 88' lang='lat' dir='ltr'><strong>Porro</strong></span> <span class='ocrx_word' id='word_1_16' title='bbox 716 1057 768 1121; x_wconf 90' lang='lat' dir='ltr'><strong>hic</strong></span> <span class='ocrx_word' id='word_1_17' title='bbox 791 1057 1018 1143; x_wconf 80' lang='lat' dir='ltr'><strong>descriptiones</strong></span> <span class='ocrx_word' id='word_1_18' title='bbox 1039 1080 1099 1144; x_wconf 92' lang='lat' dir='ltr'><strong>pro</strong></span> <span class='ocrx_word' id='word_1_19' title='bbox 1117 1059 1227 1123; x_wconf 82' lang='lat' dir='ltr'><strong>defini·</strong></span> 
     </span>
     <span class='ocr_line' id='line_1_4' title="bbox 273 1158 1227 1248; baseline -0.005 -17"><span class='ocrx_word' id='word_1_20' title='bbox 273 1164 413 1231; x_wconf 82' lang='lat' dir='ltr'><strong>tionibus</strong></span> <span class='ocrx_word' id='word_1_21' title='bbox 430 1173 516 1235; x_wconf 87' lang='lat' dir='ltr'><strong>sunt,</strong></span> <span class='ocrx_word' id='word_1_22' title='bbox 540 1158 721 1246; x_wconf 88' lang='lat' dir='ltr'><strong>probabiles</strong></span> <span class='ocrx_word' id='word_1_23' title='bbox 742 1158 872 1245; x_wconf 91' lang='lat' dir='ltr'><strong>quidem</strong></span> <span class='ocrx_word' id='word_1_24' title='bbox 895 1159 1006 1244; x_wconf 80' lang='lat' dir='ltr'><strong>magis,</strong></span> <span class='ocrx_word' id='word_1_25' title='bbox 1022 1184 1091 1248; x_wconf 90' lang='lat' dir='ltr'><strong>quo</strong></span> <span class='ocrx_word' id='word_1_26' title='bbox 1111 1159 1154 1225; x_wconf 82' lang='lat' dir='ltr'><strong>ad</strong></span> <span class='ocrx_word' id='word_1_27' title='bbox 1176 1162 1227 1226; x_wconf 89' lang='lat' dir='ltr'><strong>de-</strong></span> 
     </span>
     <span class='ocr_line' id='line_1_5' title="bbox 274 1261 1225 1344; baseline -0.002 -14"><span class='ocrx_word' id='word_1_28' title='bbox 274 1266 451 1331; x_wconf 77' lang='lat' dir='ltr'><strong>finitionum</strong></span> <span class='ocrx_word' id='word_1_29' title='bbox 471 1263 604 1326; x_wconf 84' lang='lat' dir='ltr'><strong>formam</strong></span> <span class='ocrx_word' id='word_1_30' title='bbox 621 1264 721 1344; x_wconf 83' lang='lat' dir='ltr'><strong>magis</strong></span> <span class='ocrx_word' id='word_1_31' title='bbox 741 1261 936 1325; x_wconf 86' lang='lat' dir='ltr'><strong>accesserint.</strong></span> <span class='ocrx_word' id='word_1_32' title='bbox 982 1266 1105 1326; x_wconf 89' lang='lat' dir='ltr'><strong>Earum</strong></span> <span class='ocrx_word' id='word_1_33' title='bbox 1122 1277 1225 1329; x_wconf 90' lang='lat' dir='ltr'><strong>tameo</strong></span> 
     </span>
     <span class='ocr_line' id='line_1_6' title="bbox 272 1363 1226 1456; baseline -0.002 -24"><span class='ocrx_word' id='word_1_34' title='bbox 272 1370 373 1456; x_wconf 89' lang='lat' dir='ltr'><strong>major</strong></span> <span class='ocrx_word' id='word_1_35' title='bbox 401 1378 447 1430; x_wconf 89' lang='lat' dir='ltr'><strong>est</strong></span> <span class='ocrx_word' id='word_1_36' title='bbox 468 1363 676 1449; x_wconf 84' lang='lat' dir='ltr'><strong>indulgentia.</strong></span> <span class='ocrx_word' id='word_1_37' title='bbox 722 1363 783 1427; x_wconf 89' lang='lat' dir='ltr'><strong>Est</strong></span> <span class='ocrx_word' id='word_1_38' title='bbox 805 1377 913 1427; x_wconf 90' lang='lat' dir='ltr'><strong>autem</strong></span> <span class='ocrx_word' id='word_1_39' title='bbox 935 1363 1097 1450; x_wconf 88' lang='lat' dir='ltr'><strong>quidlibet</strong></span> <span class='ocrx_word' id='word_1_40' title='bbox 1118 1363 1226 1430; x_wconf 85' lang='lat' dir='ltr'><strong>secisse</strong></span> 
     </span>
     <span class='ocr_line' id='line_1_7' title="bbox 271 1464 1224 1552; baseline -0.003 -19"><span class='ocrx_word' id='word_1_41' title='bbox 271 1468 408 1544; x_wconf 83' lang='lat' dir='ltr'><strong>facilius,</strong></span> <span class='ocrx_word' id='word_1_42' title='bbox 432 1488 529 1552; x_wconf 89' lang='lat' dir='ltr'><strong>quam</strong></span> <span class='ocrx_word' id='word_1_43' title='bbox 560 1464 771 1528; x_wconf 84' lang='lat' dir='ltr'><strong>benefecisse:</strong></span> <span class='ocrx_word' id='word_1_44' title='bbox 801 1465 880 1550; x_wconf 88' lang='lat' dir='ltr'><strong>quia</strong></span> <span class='ocrx_word' id='word_1_45' title='bbox 909 1465 1013 1529; x_wconf 89' lang='lat' dir='ltr'><strong>virtus</strong></span> <span class='ocrx_word' id='word_1_46' title='bbox 1041 1489 1167 1552; x_wconf 88' lang='lat' dir='ltr'><strong>semper</strong></span> <span class='ocrx_word' id='word_1_47' title='bbox 1194 1467 1224 1530; x_wconf 93' lang='lat' dir='ltr'><strong>iu</strong></span> 
     </span>
     <span class='ocr_line' id='line_1_8' title="bbox 273 1564 1225 1646; baseline -0.003 -11"><span class='ocrx_word' id='word_1_48' title='bbox 273 1569 375 1635; x_wconf 88' lang='lat' dir='ltr'><strong>arduo</strong></span> <span class='ocrx_word' id='word_1_49' title='bbox 384 1583 441 1634; x_wconf 90' lang='lat' dir='ltr'><strong>est.</strong></span> <span class='ocrx_word' id='word_1_50' title='bbox 465 1568 573 1644; x_wconf 86' lang='lat' dir='ltr'><strong>Quum</strong></span> <span class='ocrx_word' id='word_1_51' title='bbox 587 1587 661 1628; x_wconf 87' lang='lat' dir='ltr'><strong>vero</strong></span> <span class='ocrx_word' id='word_1_52' title='bbox 670 1565 711 1628; x_wconf 90' lang='lat' dir='ltr'><strong>de</strong></span> <span class='ocrx_word' id='word_1_53' title='bbox 722 1564 906 1630; x_wconf 83' lang='lat' dir='ltr'><strong>definitione</strong></span> <span class='ocrx_word' id='word_1_54' title='bbox 916 1566 1088 1646; x_wconf 86' lang='lat' dir='ltr'><strong>constabit,</strong></span> <span class='ocrx_word' id='word_1_55' title='bbox 1102 1568 1143 1630; x_wconf 89' lang='lat' dir='ltr'><strong>ad</strong></span> <span class='ocrx_word' id='word_1_56' title='bbox 1156 1591 1225 1632; x_wconf 90' lang='lat' dir='ltr'><strong>cou-</strong></span> 
     </span>
     <span class='ocr_line' id='line_1_9' title="bbox 274 1667 1224 1754; baseline -0.002 -18"><span class='ocrx_word' id='word_1_57' title='bbox 274 1667 775 1753; x_wconf 87' lang='lat' dir='ltr'><strong>struendum,destruendumque</strong></span> <span class='ocrx_word' id='word_1_58' title='bbox 788 1667 998 1754; x_wconf 89' lang='lat' dir='ltr'><strong>propositum,</strong></span> <span class='ocrx_word' id='word_1_59' title='bbox 1012 1669 1224 1734; x_wconf 87' lang='lat' dir='ltr'><strong>efficacissima</strong></span> 
     </span>
     <span class='ocr_line' id='line_1_10' title="bbox 273 1769 1222 1859; baseline -0.003 -21"><span class='ocrx_word' id='word_1_60' title='bbox 273 1788 336 1839; x_wconf 86' lang='lat' dir='ltr'><strong>est:</strong></span> <span class='ocrx_word' id='word_1_61' title='bbox 361 1774 438 1859; x_wconf 88' lang='lat' dir='ltr'><strong>quia</strong></span> <span class='ocrx_word' id='word_1_62' title='bbox 453 1793 526 1836; x_wconf 88' lang='lat' dir='ltr'><strong>cum</strong></span> <span class='ocrx_word' id='word_1_63' title='bbox 542 1771 611 1857; x_wconf 92' lang='lat' dir='ltr'><strong>ipso</strong></span> <span class='ocrx_word' id='word_1_64' title='bbox 623 1769 740 1855; x_wconf 88' lang='lat' dir='ltr'><strong>pariter</strong></span> <span class='ocrx_word' id='word_1_65' title='bbox 754 1769 944 1847; x_wconf 87' lang='lat' dir='ltr'><strong>infirmatur,</strong></span> <span class='ocrx_word' id='word_1_66' title='bbox 954 1781 1012 1834; x_wconf 93' lang='lat' dir='ltr'><strong>aut</strong></span> <span class='ocrx_word' id='word_1_67' title='bbox 1026 1771 1222 1837; x_wconf 87' lang='lat' dir='ltr'><strong>convalescit.</strong></span> 
     </span>
    </p>
   </div>
   <div class='ocr_carea' id='block_1_3' title="bbox 275 2018 1225 2203">
    <p class='ocr_par' dir='ltr' id='par_1_3' title="bbox 275 2018 1225 2203">
     <span class='ocr_line' id='line_1_11' title="bbox 275 2018 1225 2104; baseline -0.003 -20"><span class='ocrx_word' id='word_1_68' title='bbox 275 2020 357 2104; x_wconf 91' lang='lat' dir='ltr'><strong>Cap.</strong></span> <span class='ocrx_word' id='word_1_69' title='bbox 374 2025 403 2084; x_wconf 92' lang='grc'><strong>9.</strong></span> <span class='ocrx_word' id='word_1_70' title='bbox 421 2023 472 2084; x_wconf 89' lang='lat' dir='ltr'><strong>De</strong></span> <span class='ocrx_word' id='word_1_71' title='bbox 479 2019 670 2101; x_wconf 80' lang='lat' dir='ltr'><strong>problemate</strong></span> <span class='ocrx_word' id='word_1_72' title='bbox 681 2019 834 2098; x_wconf 50' lang='lat' dir='ltr'><strong>Quadam,</strong></span> <span class='ocrx_word' id='word_1_73' title='bbox 847 2028 877 2082; x_wconf 83' lang='lat' dir='ltr'><strong>et</strong></span> <span class='ocrx_word' id='word_1_74' title='bbox 890 2019 1016 2096; x_wconf 65' lang='lat' dir='ltr'><strong>atvero,</strong></span> <span class='ocrx_word' id='word_1_75' title='bbox 1026 2018 1112 2100; x_wconf 81' lang='lat' dir='ltr'><strong>quod</strong></span> <span class='ocrx_word' id='word_1_76' title='bbox 1120 2022 1225 2098; x_wconf 76' lang='lat' dir='ltr'><strong>agita-</strong></span> 
     </span>
     <span class='ocr_line' id='line_1_12' title="bbox 308 2120 1186 2203; baseline -0.002 -18"><span class='ocrx_word' id='word_1_77' title='bbox 308 2130 364 2186; x_wconf 85' lang='lat' dir='ltr'><strong>tur</strong></span> <span class='ocrx_word' id='word_1_78' title='bbox 374 2125 411 2184; x_wconf 78' lang='lat' dir='ltr'><strong>in</strong></span> <span class='ocrx_word' id='word_1_79' title='bbox 423 2123 572 2203; x_wconf 81' lang='lat' dir='ltr'><strong>septimo:</strong></span> <span class='ocrx_word' id='word_1_80' title='bbox 588 2127 619 2183; x_wconf 78' lang='lat' dir='ltr'><strong>ct</strong></span> <span class='ocrx_word' id='word_1_81' title='bbox 628 2124 810 2182; x_wconf 81' lang='lat' dir='ltr'><strong>communio</strong></span> <span class='ocrx_word' id='word_1_82' title='bbox 822 2123 970 2201; x_wconf 68' lang='lat' dir='ltr'><strong>quasdam</strong></span> <span class='ocrx_word' id='word_1_83' title='bbox 984 2120 1186 2202; x_wconf 82' lang='lat' dir='ltr'><strong>Topicoram.</strong></span> 
     </span>
    </p>
   </div>
   <div class='ocr_carea' id='block_1_4' title="bbox 262 2277 1221 4507">
    <p class='ocr_par' dir='ltr' id='par_1_4' title="bbox 262 2277 1221 4507">
     <span class='ocr_line' id='line_1_13' title="bbox 313 2277 1220 2363; baseline 0 -19"><span class='ocrx_word' id='word_1_84' title='bbox 313 2281 485 2344; x_wconf 77' lang='lat' dir='ltr'><strong>Saerruns</strong></span> <span class='ocrx_word' id='word_1_85' title='bbox 500 2299 631 2363; x_wconf 91' lang='lat' dir='ltr'><strong>quoque</strong></span> <span class='ocrx_word' id='word_1_86' title='bbox 650 2300 669 2340; x_wconf 94' lang='lat' dir='ltr'><strong>a</strong></span> <span class='ocrx_word' id='word_1_87' title='bbox 683 2277 924 2342; x_wconf 89' lang='lat' dir='ltr'><strong>delinitionibus</strong></span> <span class='ocrx_word' id='word_1_88' title='bbox 943 2277 1073 2363; x_wconf 86' lang='lat' dir='ltr'><strong>pendet,</strong></span> <span class='ocrx_word' id='word_1_89' title='bbox 1086 2280 1220 2344; x_wconf 86' lang='lat' dir='ltr'><strong>evolvit·</strong></span> 
     </span>
     <span class='ocr_line' id='line_1_14' title="bbox 269 2378 1221 2468; baseline 0.001 -23"><span class='ocrx_word' id='word_1_90' title='bbox 269 2404 335 2468; x_wconf 92' lang='lat' dir='ltr'><strong>que</strong></span> <span class='ocrx_word' id='word_1_91' title='bbox 349 2379 556 2466; x_wconf 86' lang='lat' dir='ltr'><strong>problemata,</strong></span> <span class='ocrx_word' id='word_1_92' title='bbox 571 2402 645 2464; x_wconf 81' lang='lat' dir='ltr'><strong>quae</strong></span> <span class='ocrx_word' id='word_1_93' title='bbox 665 2378 706 2443; x_wconf 88' lang='lat' dir='ltr'><strong>de</strong></span> <span class='ocrx_word' id='word_1_94' title='bbox 721 2379 835 2445; x_wconf 91' lang='lat' dir='ltr'><strong>eodem</strong></span> <span class='ocrx_word' id='word_1_95' title='bbox 854 2394 941 2456; x_wconf 89' lang='lat' dir='ltr'><strong>sunt,</strong></span> <span class='ocrx_word' id='word_1_96' title='bbox 956 2394 988 2445; x_wconf 88' lang='lat' dir='ltr'><strong>et</strong></span> <span class='ocrx_word' id='word_1_97' title='bbox 1001 2381 1138 2447; x_wconf 87' lang='lat' dir='ltr'><strong>diverso.</strong></span> <span class='ocrx_word' id='word_1_98' title='bbox 1185 2381 1221 2447; x_wconf 93' lang='lat' dir='ltr'><strong>ln</strong></span> 
     </span>
     <span class='ocr_line' id='line_1_15' title="bbox 269 2479 1221 2570; baseline 0.003 -24"><span class='ocrx_word' id='word_1_99' title='bbox 269 2482 368 2570; x_wconf 87' lang='lat' dir='ltr'><strong>hujus</strong></span> <span class='ocrx_word' id='word_1_100' title='bbox 381 2495 489 2546; x_wconf 89' lang='lat' dir='ltr'><strong>autem</strong></span> <span class='ocrx_word' id='word_1_101' title='bbox 504 2479 698 2545; x_wconf 88' lang='lat' dir='ltr'><strong>discussione</strong></span> <span class='ocrx_word' id='word_1_102' title='bbox 713 2480 848 2567; x_wconf 90' lang='lat' dir='ltr'><strong>plurima</strong></span> <span class='ocrx_word' id='word_1_103' title='bbox 862 2483 987 2547; x_wconf 87' lang='lat' dir='ltr'><strong>attritio</strong></span> <span class='ocrx_word' id='word_1_104' title='bbox 1000 2497 1059 2561; x_wconf 88' lang='lat' dir='ltr'><strong>est,</strong></span> <span class='ocrx_word' id='word_1_105' title='bbox 1070 2486 1221 2570; x_wconf 89' lang='lat' dir='ltr'><strong>quoniam</strong></span> 
     </span>
     <span class='ocr_line' id='line_1_16' title="bbox 269 2582 1221 2659; baseline 0.005 -12"><span class='ocrx_word' id='word_1_106' title='bbox 269 2582 498 2649; x_wconf 87' lang='lat' dir='ltr'><strong>contrariarum</strong></span> <span class='ocrx_word' id='word_1_107' title='bbox 517 2604 691 2647; x_wconf 89' lang='lat' dir='ltr'><strong>concursus</strong></span> <span class='ocrx_word' id='word_1_108' title='bbox 711 2583 882 2659; x_wconf 87' lang='lat' dir='ltr'><strong>rationum,</strong></span> <span class='ocrx_word' id='word_1_109' title='bbox 899 2582 1071 2651; x_wconf 90' lang='lat' dir='ltr'><strong>dubitandi</strong></span> <span class='ocrx_word' id='word_1_110' title='bbox 1090 2588 1221 2652; x_wconf 90' lang='lat' dir='ltr'><strong>materia</strong></span> 
     </span>
     <span class='ocr_line' id='line_1_17' title="bbox 269 2687 1221 2763; baseline 0.003 -11"><span class='ocrx_word' id='word_1_111' title='bbox 269 2697 325 2752; x_wconf 87' lang='lat' dir='ltr'><strong>est.</strong></span> <span class='ocrx_word' id='word_1_112' title='bbox 371 2687 533 2752; x_wconf 85' lang='lat' dir='ltr'><strong>Caeterum</strong></span> <span class='ocrx_word' id='word_1_113' title='bbox 564 2688 646 2751; x_wconf 90' lang='lat' dir='ltr'><strong>sicut</strong></span> <span class='ocrx_word' id='word_1_114' title='bbox 676 2689 848 2763; x_wconf 82' lang='lat' dir='ltr'><strong>diuersum,</strong></span> <span class='ocrx_word' id='word_1_115' title='bbox 878 2687 922 2752; x_wconf 91' lang='lat' dir='ltr'><strong>sic</strong></span> <span class='ocrx_word' id='word_1_116' title='bbox 951 2703 984 2752; x_wconf 92' lang='lat' dir='ltr'><strong>et</strong></span> <span class='ocrx_word' id='word_1_117' title='bbox 1013 2690 1099 2754; x_wconf 81' lang='lat' dir='ltr'><strong>idem</strong></span> <span class='ocrx_word' id='word_1_118' title='bbox 1127 2689 1221 2755; x_wconf 92' lang='lat' dir='ltr'><strong>alicui</strong></span> 
     </span>
     <span class='ocr_line' id='line_1_18' title="bbox 270 2787 1221 2878; baseline 0.003 -24"><span class='ocrx_word' id='word_1_119' title='bbox 270 2788 491 2876; x_wconf 83' lang='lat' dir='ltr'><strong>multipliciter</strong></span> <span class='ocrx_word' id='word_1_120' title='bbox 505 2787 640 2852; x_wconf 86' lang='lat' dir='ltr'><strong>dicitur:</strong></span> <span class='ocrx_word' id='word_1_121' title='bbox 667 2810 739 2852; x_wconf 86' lang='lat' dir='ltr'><strong>nam</strong></span> <span class='ocrx_word' id='word_1_122' title='bbox 758 2802 930 2876; x_wconf 90' lang='lat' dir='ltr'><strong>utrumque</strong></span> <span class='ocrx_word' id='word_1_123' title='bbox 947 2789 1084 2869; x_wconf 90' lang='lat' dir='ltr'><strong>Genere,</strong></span> <span class='ocrx_word' id='word_1_124' title='bbox 1099 2794 1221 2878; x_wconf 86' lang='lat' dir='ltr'><strong>Specie,</strong></span> 
     </span>
     <span class='ocr_line' id='line_1_19' title="bbox 268 2889 1218 2974; baseline 0.006 -22"><span class='ocrx_word' id='word_1_125' title='bbox 268 2904 300 2955; x_wconf 92' lang='lat' dir='ltr'><strong>et</strong></span> <span class='ocrx_word' id='word_1_126' title='bbox 317 2891 470 2955; x_wconf 89' lang='lat' dir='ltr'><strong>Numero.</strong></span> <span class='ocrx_word' id='word_1_127' title='bbox 515 2889 578 2954; x_wconf 87' lang='lat' dir='ltr'><strong>Sed</strong></span> <span class='ocrx_word' id='word_1_128' title='bbox 599 2911 673 2974; x_wconf 84' lang='lat' dir='ltr'><strong>quae</strong></span> <span class='ocrx_word' id='word_1_129' title='bbox 691 2911 807 2973; x_wconf 82' lang='lat' dir='ltr'><strong>genere</strong></span> <span class='ocrx_word' id='word_1_130' title='bbox 828 2889 951 2955; x_wconf 85' lang='lat' dir='ltr'><strong>diversa</strong></span> <span class='ocrx_word' id='word_1_131' title='bbox 970 2905 1063 2957; x_wconf 86' lang='lat' dir='ltr'><strong>suut:</strong></span> <span class='ocrx_word' id='word_1_132' title='bbox 1091 2892 1175 2958; x_wconf 90' lang='lat' dir='ltr'><strong>illico</strong></span> <span class='ocrx_word' id='word_1_133' title='bbox 1189 2908 1218 2958; x_wconf 89' lang='lat' dir='ltr'><strong>et</strong></span> 
     </span>
     <span class='ocr_line' id='line_1_20' title="bbox 268 2989 1218 3078; baseline 0.008 -23"><span class='ocrx_word' id='word_1_134' title='bbox 268 2991 484 3078; x_wconf 88' lang='lat' dir='ltr'><strong>sequentibus.</strong></span> <span class='ocrx_word' id='word_1_135' title='bbox 529 2989 559 3053; x_wconf 89' lang='grc' dir='ltr'><em>Ε</em></span> <span class='ocrx_word' id='word_1_136' title='bbox 574 3003 696 3068; x_wconf 88' lang='lat' dir='ltr'><strong>contra,</strong></span> <span class='ocrx_word' id='word_1_137' title='bbox 712 3015 787 3077; x_wconf 84' lang='lat' dir='ltr'><strong>quae</strong></span> <span class='ocrx_word' id='word_1_138' title='bbox 802 2992 886 3056; x_wconf 90' lang='lat' dir='ltr'><strong>idem</strong></span> <span class='ocrx_word' id='word_1_139' title='bbox 908 3016 1050 3076; x_wconf 89' lang='lat' dir='ltr'><strong>numero,</strong></span> <span class='ocrx_word' id='word_1_140' title='bbox 1064 2997 1172 3061; x_wconf 88' lang='lat' dir='ltr'><strong>statim</strong></span> <span class='ocrx_word' id='word_1_141' title='bbox 1187 3009 1218 3063; x_wconf 87' lang='lat' dir='ltr'><strong>et</strong></span> 
     </span>
     <span class='ocr_line' id='line_1_21' title="bbox 267 3092 1218 3185; baseline 0.007 -28"><span class='ocrx_word' id='word_1_142' title='bbox 267 3094 391 3158; x_wconf 82' lang='lat' dir='ltr'><strong>caeteris</strong></span> <span class='ocrx_word' id='word_1_143' title='bbox 405 3092 507 3156; x_wconf 91' lang='lat' dir='ltr'><strong>modis</strong></span> <span class='ocrx_word' id='word_1_144' title='bbox 522 3092 686 3158; x_wconf 88' lang='lat' dir='ltr'><strong>uniuntur.</strong></span> <span class='ocrx_word' id='word_1_145' title='bbox 723 3094 867 3158; x_wconf 85' lang='lat' dir='ltr'><strong>Maxime</strong></span> <span class='ocrx_word' id='word_1_146' title='bbox 882 3094 1113 3174; x_wconf 83' lang='lat' dir='ltr'><strong>indubitanter,</strong></span> <span class='ocrx_word' id='word_1_147' title='bbox 1129 3099 1218 3185; x_wconf 90' lang='lat' dir='ltr'><strong>quod</strong></span> 
     </span>
     <span class='ocr_line' id='line_1_22' title="bbox 267 3193 1217 3274; baseline 0.007 -16"><span class='ocrx_word' id='word_1_148' title='bbox 267 3217 368 3258; x_wconf 90' lang='lat' dir='ltr'><strong>unum</strong></span> <span class='ocrx_word' id='word_1_149' title='bbox 389 3206 437 3258; x_wconf 90' lang='lat' dir='ltr'><strong>est</strong></span> <span class='ocrx_word' id='word_1_150' title='bbox 457 3217 600 3272; x_wconf 86' lang='lat' dir='ltr'><strong>numero,</strong></span> <span class='ocrx_word' id='word_1_151' title='bbox 623 3208 656 3258; x_wconf 90' lang='lat' dir='ltr'><strong>et</strong></span> <span class='ocrx_word' id='word_1_152' title='bbox 673 3193 756 3258; x_wconf 89' lang='lat' dir='ltr'><strong>idem</strong></span> <span class='ocrx_word' id='word_1_153' title='bbox 780 3194 886 3274; x_wconf 87' lang='lat' dir='ltr'><strong>alicui,</strong></span> <span class='ocrx_word' id='word_1_154' title='bbox 902 3197 943 3262; x_wconf 90' lang='lat' dir='ltr'><strong>ab</strong></span> <span class='ocrx_word' id='word_1_155' title='bbox 964 3199 1115 3264; x_wconf 89' lang='lat' dir='ltr'><strong>omnibus</strong></span> <span class='ocrx_word' id='word_1_156' title='bbox 1135 3200 1217 3265; x_wconf 89' lang='lat' dir='ltr'><strong>idem</strong></span> 
     </span>
     <span class='ocr_line' id='line_1_23' title="bbox 267 3293 1217 3384; baseline 0.011 -27"><span class='ocrx_word' id='word_1_157' title='bbox 267 3295 396 3359; x_wconf 85' lang='lat' dir='ltr'><strong>videtur</strong></span> <span class='ocrx_word' id='word_1_158' title='bbox 418 3293 499 3359; x_wconf 83' lang='lat' dir='ltr'><strong>dici:</strong></span> <span class='ocrx_word' id='word_1_159' title='bbox 527 3310 652 3361; x_wconf 88' lang='lat' dir='ltr'><strong>namet</strong></span> <span class='ocrx_word' id='word_1_160' title='bbox 675 3295 734 3359; x_wconf 92' lang='lat' dir='ltr'><strong>boc</strong></span> <span class='ocrx_word' id='word_1_161' title='bbox 756 3310 804 3361; x_wconf 88' lang='lat' dir='ltr'><strong>est</strong></span> <span class='ocrx_word' id='word_1_162' title='bbox 826 3320 892 3361; x_wconf 88' lang='lat' dir='ltr'><strong>esse</strong></span> <span class='ocrx_word' id='word_1_163' title='bbox 915 3298 1102 3384; x_wconf 87' lang='lat' dir='ltr'><strong>simpliciter</strong></span> <span class='ocrx_word' id='word_1_164' title='bbox 1125 3301 1217 3367; x_wconf 90' lang='lat' dir='ltr'><strong>idem.</strong></span> 
     </span>
     <span class='ocr_line' id='line_1_24' title="bbox 269 3393 1218 3490; baseline 0.013 -34"><span class='ocrx_word' id='word_1_165' title='bbox 269 3393 357 3457; x_wconf 89' lang='lat' dir='ltr'><strong>Solet</strong></span> <span class='ocrx_word' id='word_1_166' title='bbox 377 3407 483 3457; x_wconf 89' lang='lat' dir='ltr'><strong>autem</strong></span> <span class='ocrx_word' id='word_1_167' title='bbox 506 3408 538 3458; x_wconf 92' lang='lat' dir='ltr'><strong>et</strong></span> <span class='ocrx_word' id='word_1_168' title='bbox 561 3395 621 3457; x_wconf 91' lang='lat' dir='ltr'><strong>boc</strong></span> <span class='ocrx_word' id='word_1_169' title='bbox 643 3396 796 3481; x_wconf 82' lang='lat' dir='ltr'><strong>assignari</strong></span> <span class='ocrx_word' id='word_1_170' title='bbox 818 3398 1058 3485; x_wconf 81' lang='lat' dir='ltr'><strong>multipliciter;</strong></span> <span class='ocrx_word' id='word_1_171' title='bbox 1090 3404 1218 3490; x_wconf 89' lang='lat' dir='ltr'><strong>proprie</strong></span> 
     </span>
     <span class='ocr_line' id='line_1_25' title="bbox 265 3494 1217 3580; baseline 0.014 -23"><span class='ocrx_word' id='word_1_172' title='bbox 265 3507 372 3559; x_wconf 89' lang='lat' dir='ltr'><strong>autem</strong></span> <span class='ocrx_word' id='word_1_173' title='bbox 384 3507 416 3558; x_wconf 89' lang='lat' dir='ltr'><strong>et</strong></span> <span class='ocrx_word' id='word_1_174' title='bbox 428 3494 580 3578; x_wconf 87' lang='lat' dir='ltr'><strong>primum,</strong></span> <span class='ocrx_word' id='word_1_175' title='bbox 591 3498 721 3580; x_wconf 90' lang='lat' dir='ltr'><strong>quando</strong></span> <span class='ocrx_word' id='word_1_176' title='bbox 730 3499 868 3577; x_wconf 87' lang='lat' dir='ltr'><strong>nomine,</strong></span> <span class='ocrx_word' id='word_1_177' title='bbox 877 3500 925 3564; x_wconf 83' lang='lat' dir='ltr'><strong>rel</strong></span> <span class='ocrx_word' id='word_1_178' title='bbox 937 3501 1123 3568; x_wconf 84' lang='lat' dir='ltr'><strong>delinitione</strong></span> <span class='ocrx_word' id='word_1_179' title='bbox 1134 3506 1217 3570; x_wconf 91' lang='lat' dir='ltr'><strong>idem</strong></span> 
     </span>
     <span class='ocr_line' id='line_1_26' title="bbox 266 3593 1218 3691; baseline 0.014 -32"><span class='ocrx_word' id='word_1_180' title='bbox 266 3594 461 3679; x_wconf 84' lang='lat' dir='ltr'><strong>assignatum</strong></span> <span class='ocrx_word' id='word_1_181' title='bbox 473 3593 588 3659; x_wconf 83' lang='lat' dir='ltr'><strong>suerit:</strong></span> <span class='ocrx_word' id='word_1_182' title='bbox 612 3611 648 3661; x_wconf 94' lang='lat' dir='ltr'><strong>ut</strong></span> <span class='ocrx_word' id='word_1_183' title='bbox 666 3600 773 3679; x_wconf 85' lang='lat' dir='ltr'><strong>vestis,</strong></span> <span class='ocrx_word' id='word_1_184' title='bbox 788 3603 917 3681; x_wconf 86' lang='lat' dir='ltr'><strong>tuuicae,</strong></span> <span class='ocrx_word' id='word_1_185' title='bbox 928 3618 960 3669; x_wconf 91' lang='lat' dir='ltr'><strong>et</strong></span> <span class='ocrx_word' id='word_1_186' title='bbox 976 3604 1094 3669; x_wconf 87' lang='lat' dir='ltr'><strong>animal</strong></span> <span class='ocrx_word' id='word_1_187' title='bbox 1105 3609 1218 3691; x_wconf 82' lang='lat' dir='ltr'><strong>gressi-</strong></span> 
     </span>
     <span class='ocr_line' id='line_1_27' title="bbox 266 3694 1216 3794; baseline 0.012 -32"><span class='ocrx_word' id='word_1_188' title='bbox 266 3694 330 3762; x_wconf 89' lang='lat' dir='ltr'><strong>bile</strong></span> <span class='ocrx_word' id='word_1_189' title='bbox 345 3696 445 3782; x_wconf 91' lang='lat' dir='ltr'><strong>bipes,</strong></span> <span class='ocrx_word' id='word_1_190' title='bbox 456 3695 629 3777; x_wconf 68' lang='lat' dir='ltr'><strong>hominist</strong></span> <span class='ocrx_word' id='word_1_191' title='bbox 644 3701 732 3786; x_wconf 91' lang='lat' dir='ltr'><strong>quod</strong></span> <span class='ocrx_word' id='word_1_192' title='bbox 750 3717 861 3769; x_wconf 89' lang='lat' dir='ltr'><strong>natura</strong></span> <span class='ocrx_word' id='word_1_193' title='bbox 875 3705 977 3771; x_wconf 81' lang='lat' dir='ltr'><strong>fertur</strong></span> <span class='ocrx_word' id='word_1_194' title='bbox 993 3729 1132 3790; x_wconf 88' lang='lat' dir='ltr'><strong>sursum,</strong></span> <span class='ocrx_word' id='word_1_195' title='bbox 1142 3710 1216 3794; x_wconf 77' lang='lat' dir='ltr'><strong>igni.</strong></span> 
     </span>
     <span class='ocr_line' id='line_1_28' title="bbox 265 3800 1217 3885; baseline 0.011 -20"><span class='ocrx_word' id='word_1_196' title='bbox 265 3800 410 3865; x_wconf 88' lang='lat' dir='ltr'><strong>Tertium</strong></span> <span class='ocrx_word' id='word_1_197' title='bbox 439 3820 513 3862; x_wconf 90' lang='lat' dir='ltr'><strong>vero</strong></span> <span class='ocrx_word' id='word_1_198' title='bbox 539 3802 670 3885; x_wconf 90' lang='lat' dir='ltr'><strong>quando</strong></span> <span class='ocrx_word' id='word_1_199' title='bbox 695 3804 737 3869; x_wconf 89' lang='lat' dir='ltr'><strong>ab</strong></span> <span class='ocrx_word' id='word_1_200' title='bbox 766 3806 941 3885; x_wconf 88' lang='lat' dir='ltr'><strong>accidente,</strong></span> <span class='ocrx_word' id='word_1_201' title='bbox 967 3823 1003 3874; x_wconf 92' lang='lat' dir='ltr'><strong>ut</strong></span> <span class='ocrx_word' id='word_1_202' title='bbox 1029 3811 1143 3876; x_wconf 90' lang='lat' dir='ltr'><strong>sedens</strong></span> <span class='ocrx_word' id='word_1_203' title='bbox 1168 3810 1217 3876; x_wconf 88' lang='lat' dir='ltr'><strong>vel</strong></span> 
     </span>
     <span class='ocr_line' id='line_1_29' title="bbox 265 3899 1216 3978; baseline 0.014 -12"><span class='ocrx_word' id='word_1_204' title='bbox 265 3899 418 3966; x_wconf 89' lang='lat' dir='ltr'><strong>musicum</strong></span> <span class='ocrx_word' id='word_1_205' title='bbox 448 3901 588 3965; x_wconf 89' lang='lat' dir='ltr'><strong>Socrati:</strong></span> <span class='ocrx_word' id='word_1_206' title='bbox 623 3905 731 3969; x_wconf 87' lang='lat' dir='ltr'><strong>omnia</strong></span> <span class='ocrx_word' id='word_1_207' title='bbox 756 3908 838 3971; x_wconf 90' lang='lat' dir='ltr'><strong>enim</strong></span> <span class='ocrx_word' id='word_1_208' title='bbox 865 3908 933 3974; x_wconf 83' lang='lat' dir='ltr'><strong>haec</strong></span> <span class='ocrx_word' id='word_1_209' title='bbox 958 3933 1056 3977; x_wconf 90' lang='lat' dir='ltr'><strong>unum</strong></span> <span class='ocrx_word' id='word_1_210' title='bbox 1084 3934 1216 3978; x_wconf 89' lang='lat' dir='ltr'><strong>numero</strong></span> 
     </span>
     <span class='ocr_line' id='line_1_30' title="bbox 264 4001 1216 4104; baseline 0.016 -39"><span class='ocrx_word' id='word_1_211' title='bbox 264 4002 376 4067; x_wconf 80' lang='lat' dir='ltr'><strong>volunt</strong></span> <span class='ocrx_word' id='word_1_212' title='bbox 391 4001 577 4088; x_wconf 82' lang='lat' dir='ltr'><strong>significare.</strong></span> <span class='ocrx_word' id='word_1_213' title='bbox 625 4006 782 4082; x_wconf 86' lang='lat' dir='ltr'><strong>Quoniam</strong></span> <span class='ocrx_word' id='word_1_214' title='bbox 803 4024 910 4075; x_wconf 90' lang='lat' dir='ltr'><strong>autem</strong></span> <span class='ocrx_word' id='word_1_215' title='bbox 928 4034 1036 4077; x_wconf 89' lang='lat' dir='ltr'><strong>verum</strong></span> <span class='ocrx_word' id='word_1_216' title='bbox 1053 4028 1113 4092; x_wconf 90' lang='lat' dir='ltr'><strong>est,</strong></span> <span class='ocrx_word' id='word_1_217' title='bbox 1130 4015 1216 4104; x_wconf 92' lang='lat' dir='ltr'><strong>quod</strong></span> 
     </span>
     <span class='ocr_line' id='line_1_31' title="bbox 263 4103 1215 4201; baseline 0.013 -31"><span class='ocrx_word' id='word_1_218' title='bbox 263 4128 348 4171; x_wconf 89' lang='lat' dir='ltr'><strong>nunc</strong></span> <span class='ocrx_word' id='word_1_219' title='bbox 380 4103 501 4170; x_wconf 87' lang='lat' dir='ltr'><strong>dictum</strong></span> <span class='ocrx_word' id='word_1_220' title='bbox 532 4119 592 4184; x_wconf 91' lang='lat' dir='ltr'><strong>est,</strong></span> <span class='ocrx_word' id='word_1_221' title='bbox 622 4131 662 4173; x_wconf 86' lang='lat' dir='ltr'><strong>ex</strong></span> <span class='ocrx_word' id='word_1_222' title='bbox 694 4113 953 4195; x_wconf 90' lang='lat' dir='ltr'><strong>permutantibus</strong></span> <span class='ocrx_word' id='word_1_223' title='bbox 986 4117 1215 4201; x_wconf 86' lang='lat' dir='ltr'><strong>appellationes</strong></span> 
     </span>
     <span class='ocr_line' id='line_1_32' title="bbox 262 4206 1212 4300; baseline 0.015 -29"><span class='ocrx_word' id='word_1_224' title='bbox 262 4207 380 4294; x_wconf 90' lang='lat' dir='ltr'><strong>aliquis</strong></span> <span class='ocrx_word' id='word_1_225' title='bbox 407 4206 567 4274; x_wconf 87' lang='lat' dir='ltr'><strong>addiscet:</strong></span> <span class='ocrx_word' id='word_1_226' title='bbox 607 4232 691 4295; x_wconf 87' lang='lat' dir='ltr'><strong>saepe</strong></span> <span class='ocrx_word' id='word_1_227' title='bbox 720 4214 804 4276; x_wconf 91' lang='lat' dir='ltr'><strong>enim</strong></span> <span class='ocrx_word' id='word_1_228' title='bbox 835 4216 1057 4300; x_wconf 72' lang='lat' dir='ltr'><strong>praecipientes</strong></span> <span class='ocrx_word' id='word_1_229' title='bbox 1087 4221 1212 4285; x_wconf 90' lang='lat' dir='ltr'><strong>nomine</strong></span> 
     </span>
     <span class='ocr_line' id='line_1_33' title="bbox 264 4310 1216 4410; baseline 0.017 -40"><span class='ocrx_word' id='word_1_230' title='bbox 264 4331 376 4373; x_wconf 85' lang='lat' dir='ltr'><strong>vocare</strong></span> <span class='ocrx_word' id='word_1_231' title='bbox 411 4310 550 4396; x_wconf 88' lang='lat' dir='ltr'><strong>aliquem</strong></span> <span class='ocrx_word' id='word_1_232' title='bbox 586 4311 778 4391; x_wconf 87' lang='lat' dir='ltr'><strong>sedentium,</strong></span> <span class='ocrx_word' id='word_1_233' title='bbox 808 4332 1047 4401; x_wconf 85' lang='lat' dir='ltr'><strong>permutamus;</strong></span> <span class='ocrx_word' id='word_1_234' title='bbox 1088 4322 1216 4410; x_wconf 87' lang='lat' dir='ltr'><strong>quando</strong></span> 
     </span>
     <span class='ocr_line' id='line_1_34' title="bbox 264 4409 1214 4507; baseline 0.022 -36"><span class='ocrx_word' id='word_1_235' title='bbox 264 4409 346 4474; x_wconf 81' lang='lat' dir='ltr'><strong>sorte</strong></span> <span class='ocrx_word' id='word_1_236' title='bbox 368 4432 429 4474; x_wconf 91' lang='lat' dir='ltr'><strong>nou</strong></span> <span class='ocrx_word' id='word_1_237' title='bbox 450 4412 600 4497; x_wconf 86' lang='lat' dir='ltr'><strong>intelligit</strong></span> <span class='ocrx_word' id='word_1_238' title='bbox 616 4413 653 4492; x_wconf 91' lang='lat' dir='ltr'><strong>is,</strong></span> <span class='ocrx_word' id='word_1_239' title='bbox 668 4415 720 4479; x_wconf 90' lang='lat' dir='ltr'><strong>cui</strong></span> <span class='ocrx_word' id='word_1_240' title='bbox 742 4433 941 4505; x_wconf 81' lang='lat' dir='ltr'><strong>praeceptum</strong></span> <span class='ocrx_word' id='word_1_241' title='bbox 965 4424 1113 4507; x_wconf 81' lang='lat' dir='ltr'><strong>facimus,</strong></span> <span class='ocrx_word' id='word_1_242' title='bbox 1128 4426 1214 4492; x_wconf 89' lang='lat' dir='ltr'><strong>relut</strong></span> 
     </span>
    </p>
   </div>
   <div class='ocr_carea' id='block_1_5' title="bbox 0 0 1500 5592">
    <p class='ocr_par' dir='ltr' id='par_1_5' title="bbox 0 0 1500 5592">
     <span class='ocr_line' id='line_1_35' title="bbox 0 0 1500 5592; baseline 0 4"><span class='ocrx_word' id='word_1_243' title='bbox 0 0 1500 5592; x_wconf 95' lang='lat' dir='ltr'><strong> </strong></span> 
     </span>
    </p>
   </div>
  </div>
 </body>
</html>
