2992 5592
281 799 340 859 lat
543 814 681 860 ioannis
699 811 979 856 sanasssamnsis
1086 795 1174 869 [ara.
1191 812 1233 855 ιν.

281 964 447 1052 principia,
462 977 494 1030 et
514 987 553 1028 ex
570 965 620 1028 his
641 988 681 1029 ex
697 963 881 1028 necessitate
905 981 1055 1025 verorum
1071 962 1232 1048 sequelam

281 1067 428 1153 colligere
448 1067 600 1132 consertis
619 1066 806 1143 rationibus,
822 1079 854 1129 et
877 1078 914 1129 ut
937 1065 983 1128 sic
1005 1063 1156 1136 dixerim,
1172 1063 1236 1128 cal-

281 1171 385 1236 catius
399 1169 555 1255 urgendo,
567 1193 607 1234 ne
621 1171 707 1250 quis,
720 1168 810 1255 quasi
826 1191 866 1231 ex
882 1166 1010 1231 defectu
1027 1166 1233 1242 necessitatis,

281 1273 429 1338 videatur
443 1274 560 1349 hiatus,
575 1274 632 1360 qui
652 1270 910 1336 demonstrativae
925 1269 1067 1335 scientiae
1082 1268 1234 1356 praejudi-

279 1378 364 1440 cium
394 1377 515 1441 afferat.
565 1381 638 1442 Non
669 1377 783 1461 utique
813 1377 916 1438 omnis
944 1371 1076 1443 scientia
1105 1373 1233 1438 demon-

280 1478 414 1542 strativa
428 1490 486 1552 est,
499 1477 552 1541 sed
569 1477 622 1540 illa
637 1477 806 1553 duntaxat,
821 1499 896 1561 quae
911 1499 950 1540 ex
966 1479 1064 1552 veris,
1075 1489 1109 1540 et
1123 1472 1232 1562 primis

279 1591 339 1655 est,
353 1592 386 1642 et
401 1578 601 1643 immediatis.
633 1581 715 1642 Nam
732 1578 815 1643 sicut
828 1600 889 1642 non
904 1576 1007 1640 omnis
1019 1575 1231 1662 Syllogismus

280 1678 520 1758 demonstratio,
531 1677 585 1742 sed
602 1678 703 1742 omnis
717 1679 945 1742 demonstratio
957 1676 1163 1764 syllogismus
1173 1688 1231 1752 est,

281 1780 324 1844 sic
350 1780 629 1845 demonstrativam
658 1781 790 1845 scientia
812 1779 1098 1845 inconvertibiliter
1121 1778 1232 1843 ambit.

282 1882 475 1943 Communes
504 1880 614 1967 itaque
649 1879 869 1967 conceptiones
901 1880 998 1944 animi
1033 1880 1231 1966 praecedunt,

279 1980 394 2046 deinde
409 2005 466 2069 per
487 2006 520 2046 sc
540 1998 632 2048 nota:
661 1998 749 2048 etex
770 1985 830 2059 his,
848 1982 1107 2048 Demonstrativa
1126 1982 1231 2045 exori·

279 2096 342 2146 tur.
387 2084 500 2149 Refert
514 2098 621 2149 autem
643 2087 674 2148 in
691 2086 742 2161 iis,
758 2108 831 2171 quae
852 2097 927 2149 nota
941 2100 1079 2163 sunt,an
1100 2097 1229 2163 natura,

277 2205 317 2247 aa
333 2183 373 2247 ad
390 2207 446 2248 nos
465 2187 589 2249 notiora
603 2186 683 2250 sint:
712 2208 785 2250 uam
807 2185 952 2273 proxima
971 2185 1086 2261 sensui,
1102 2188 1230 2251 notiora

278 2286 380 2362 nobis,
395 2287 566 2351 remotiora
586 2310 672 2365 vero,
689 2302 803 2374 utpote
828 2286 1027 2368 universalia,
1041 2287 1229 2374 simpliciter

276 2404 308 2454 et
324 2387 511 2454 naturaliter·
527 2389 660 2454 notiora.
707 2393 759 2454 Ex
776 2391 939 2477 principiis
960 2394 1070 2477 itaque
1091 2389 1231 2477 discipli-

277 2514 402 2569 narum,
428 2514 485 2578 per
513 2492 745 2579 propositiones
771 2493 981 2570 immediatas,
1006 2493 1040 2556 id
1070 2508 1132 2570 est,
1156 2516 1229 2578 quae

277 2595 464 2681 probatione
490 2618 550 2659 non
578 2595 734 2680 indigent,
758 2595 853 2659 adid
878 2619 945 2682 quo
969 2595 1085 2675 tendit,
1110 2597 1162 2659 via
1182 2608 1229 2659 est

276 2697 528 2764 demonstratori.
574 2699 618 2763 Et
635 2698 707 2763 licet
723 2697 934 2784 adjudicium
950 2701 1090 2762 maxime
1105 2696 1229 2765 dicatur

277 2800 346 2865 hoec
372 2801 502 2865 scientia
526 2799 695 2887 pertinere,
720 2800 891 2864 inventioni
918 2813 1025 2865 tamen
1052 2800 1227 2886 plurimum

276 2903 408 2967 confert.
442 2903 546 2966 Docet
560 2905 642 2966 enim
658 2901 841 2987 exquibus,
856 2915 888 2965 et
903 2901 1041 2987 qualiter
1051 2903 1228 2986 contingat,

275 3003 502 3079 demonstrare,
529 3016 560 3067 et
587 3002 727 3089 quando,
754 3015 787 3066 et
814 3003 976 3087 quomodo
1006 3003 1147 3090 propriis
1171 3018 1226 3068 aut

274 3105 497 3169 communibus
511 3105 552 3168 sit
569 3105 740 3170 utendum:
769 3128 840 3169 nam
857 3105 997 3169 scientiae
1016 3105 1077 3169 sibi
1093 3106 1225 3170 invicem

275 3208 468 3273 adminicula
496 3200 675 3272 conserunt.
727 3212 773 3273 Et
804 3207 881 3294 quia
909 3230 971 3272 non
1005 3208 1110 3273 omnis
1139 3209 1226 3273 locus

272 3309 517 3376 demonstratori
539 3311 724 3375 commodos
738 3324 785 3375 est
807 3312 932 3398 (utpote
943 3310 985 3377 ab
998 3310 1175 3389 accidente,
1190 3335 1227 3377 eo

272 3410 359 3497 quod
384 3412 655 3497 corruptibilium,
674 3436 730 3476 nec
753 3411 992 3489 demonstratio,
1013 3436 1072 3477 nec
1094 3416 1226 3480 scientia

272 3510 456 3596 simpliciter
467 3521 538 3593 est,)
553 3514 742 3577 necessarios
754 3514 816 3579 sibi
827 3513 967 3577 vindicat
979 3513 1075 3590 locos,
1087 3514 1226 3602 reliquos

272 3608 447 3674 Dialectico
469 3611 554 3676 cedit
574 3624 607 3674 et
624 3615 753 3678 oratori.
798 3614 924 3691 Quibus
943 3613 1146 3680 satisfactum
1166 3629 1224 3690 est,

270 3709 295 3775 si
319 3710 564 3775 verisimillimus
586 3714 642 3779 fiat
665 3714 878 3799 syllogismus.
921 3719 1083 3780 Praeterea
1104 3719 1223 3803 quibus

268 3813 469 3900 syllogismis,
498 3814 657 3900 quibusve
686 3818 958 3903 propositionibus
991 3819 1148 3884 utendum
1182 3821 1222 3885 sit

266 3915 380 4001 aperit,
390 3926 423 3978 et
435 3936 530 4000 quam
544 3915 604 3978 vim
618 3918 649 3980 in
662 3917 836 3983 astruendo
847 3919 897 3984 vel
907 3918 1103 3985 destruendo
1112 3921 1222 3986 afferat

269 4016 494 4106 propositionis
520 4019 686 4102 quantitas
712 4038 769 4086 aut
799 4023 949 4108 qualitas,
975 4023 1149 4108 diligenter
1176 4023 1223 4087 iu·

266 4133 390 4206 specta:
416 4120 487 4204 quis
502 4133 609 4182 autem
627 4121 843 4206 syllogismus,
859 4123 911 4187 cui
926 4124 1022 4190 saciat
1038 4126 1223 4212 quaestioni,

266 4245 379 4309 quaeve
395 4221 435 4285 sit
451 4221 556 4306 figura
576 4220 762 4307 syllogismo
783 4223 1032 4296 accommodata,
1047 4227 1175 4310 pandit,
1190 4241 1221 4292 et

265 4326 310 4388 sic
330 4322 578 4388 Demonstrandi
602 4323 764 4389 scientiam
788 4327 915 4403 statuit,
930 4350 966 4390 ac
988 4328 1015 4392 si
1039 4351 1134 4393 sensu
1153 4352 1221 4394 cor-

263 4445 360 4507 poreo
372 4436 529 4500 teneatur,
541 4446 616 4510 quae
630 4426 711 4489 ratio
724 4424 906 4491 indubitata
917 4427 960 4490 sic
973 4451 1040 4492 esse
1051 4431 1221 4496 convincit.
