2992 5592
398 825 462 883 306
655 835 1088 881 Jornnrsssnsssssmusrs

398 990 619 1055 detestabilem
640 988 680 1053 de
702 990 909 1073 processione
930 990 1069 1072 Spiritus
1084 991 1197 1056 Sancti
1221 994 1357 1055 convin-

398 1115 475 1157 cens
490 1116 636 1157 errorem.
683 1093 717 1156 Si
741 1092 814 1175 quis
835 1102 953 1163 eutem,
969 1092 1055 1176 quod
1078 1094 1183 1156 cuivis
1198 1095 1358 1177 expedire

397 1217 462 1259 non
479 1195 603 1272 dubito,
618 1207 758 1279 quantus
772 1193 831 1256 iste
847 1193 899 1269 sit,
914 1191 1075 1257 desiderat
1087 1195 1225 1271 intueri;
1247 1197 1360 1274 libros,

398 1321 479 1384 quos
494 1320 536 1363 ex
548 1298 642 1360 variis
656 1297 763 1360 causis
777 1295 918 1378 scripsit,
931 1306 964 1357 et
978 1295 1156 1377 Epistulas,
1167 1295 1360 1379 diligentius

398 1401 535 1481 relegat:
572 1399 713 1460 revolvat
741 1396 906 1459 historiam
936 1394 977 1458 de
1013 1395 1085 1479 ipso
1120 1407 1154 1459 et
1189 1397 1358 1461 modernis

397 1505 574 1582 Anglorum
589 1499 717 1582 regibus
729 1498 898 1580 scriptam3
914 1498 997 1562 duos
1009 1519 1137 1583 quoque
1146 1499 1263 1575 libros,
1275 1523 1358 1584 quos

398 1603 440 1666 de
466 1603 532 1665 vita
557 1614 590 1665 et
619 1600 860 1663 conversatione
886 1600 957 1683 ejus
986 1600 1149 1665 Edmerus
1173 1603 1358 1666 monachus

398 1701 590 1768 venerabilis
626 1702 792 1785 presbyter
827 1702 994 1766 luculento
1029 1705 1115 1785 stylo
1148 1706 1357 1769 veracissime

398 1806 516 1883 edidit;
538 1814 649 1888 utpote
665 1805 712 1866 vir
731 1803 910 1884 religiosus,
926 1801 980 1886 qni
1003 1805 1034 1867 ei
1054 1805 1222 1869 familiaris
1241 1807 1355 1870 admo·

398 1909 474 1972 dum
496 1908 610 1971 suerat:
642 1906 729 1987 leget
749 1916 783 1968 et
803 1906 967 1978 miracula,
990 1927 1064 1988 quse
1086 1917 1162 1989 post
1182 1910 1354 1972 transitum

396 2012 497 2095 ipsius
511 2008 699 2072 mirabiliter
718 2019 868 2088 operatus
889 2018 939 2070 est
957 2007 1140 2084 Dominus,
1162 2020 1198 2071 et
1213 2031 1288 2092 quae
1312 2010 1354 2074 ed

396 2107 581 2170 memoriam
606 2106 675 2189 ejus
705 2106 818 2168 crebro
847 2104 941 2180 fiunt,
966 2103 1166 2167 visitationes
1192 2107 1353 2170 Altissimi

395 2219 570 2270 veneretur.
621 2206 744 2288 Utique
767 2203 855 2287 quod
874 2216 948 2267 ente
972 2224 1021 2266 me
1042 2202 1083 2266 de
1103 2205 1248 2268 Antonio
1269 2206 1355 2269 dixit

395 2308 488 2384 alius,
503 2307 543 2370 de
558 2308 620 2369 isto
636 2306 768 2389 publice
783 2305 950 2388 protestari
964 2326 1029 2367 non
1046 2326 1173 2382 vereor;
1196 2309 1354 2388 quoniam

397 2409 526 2491 grandis
550 2407 705 2491 perfectio
729 2417 780 2469 est
806 2408 994 2469 Anselmum
1009 2428 1119 2481 ⁴nosse
1148 2409 1219 2491 quis
1249 2409 1354 2473 suerit

395 2509 566 2573 Accedent
595 2530 669 2591 ergo
699 2508 740 2571 ad
770 2507 924 2591 praedicte
952 2508 1103 2572 librorum
1128 2524 1352 2583 monuments,

395 2612 539 2676 Domino
554 2612 722 2675 miserante
736 2611 793 2693 qui
808 2631 828 2673 a
842 2610 952 2691 glorie
967 2631 1035 2674 suae
1049 2612 1219 2695 preconiis
1233 2634 1350 2697 pecca-

396 2725 480 2780 tores
502 2735 568 2777 non
590 2733 716 2796 semper
738 2714 877 2797 repellit,
899 2713 940 2776 de
962 2713 1027 2777 vita
1048 2723 1084 2781 et
1109 2718 1353 2781 conversatione

395 2817 477 2880 tenti
491 2817 594 2880 Patris
608 2817 716 2898 aliqua
730 2815 838 2879 curavi
857 2816 1082 2898 perstringere,
1097 2818 1266 2882 succincta
1280 2820 1351 2902 qui·

394 2917 468 2981 dem
482 2918 635 2981 brevitate
657 2929 691 2980 et
710 2938 856 2980 sermone
877 2918 956 2982 satis
973 2920 1072 3002 pleno
1081 2943 1091 2995 ;
1113 2929 1161 2997 ut,
1174 2920 1202 2982 si
1218 2921 1291 3003 quis
1307 2921 1351 2984 ad

394 3018 521 3102 copiam
544 3019 787 3100 omniumque
809 3019 851 3080 ab
873 3039 912 3080 eo
929 3019 977 3081 vei
1000 3017 1042 3082 de
1064 3040 1104 3082 eo
1127 3020 1248 3102 scripta
1262 3033 1351 3098 stmt,

393 3119 532 3203 aspirare
548 3118 745 3201 nequiverit5
761 3119 873 3181 saltem
888 3139 931 3181 ex
942 3119 1002 3182 hac
1015 3121 1099 3183 stilla
1111 3121 1192 3184 tanti
1207 3121 1352 3186 fluminis

393 3230 519 3301 gustare
531 3220 644 3303 possit,
653 3241 746 3304 quam
759 3220 876 3294 bonus,
885 3239 983 3301 quam
992 3221 1099 3284 sclavis
1114 3234 1163 3286 est
1176 3223 1349 3302 Dominus,

394 3344 500 3405 quam¹
520 3324 634 3385 beatus
663 3342 759 3406 quam
789 3322 987 3385 necessarius
1016 3323 1071 3406 qni
1107 3345 1182 3388 eum
1212 3324 1352 3389 fideliter

393 3424 493 3487 coluit
508 3423 603 3486 Peter
618 3423 799 3486 Anselmus.

394 3681 475 3767 Cap.
494 3687 521 3744 l.
544 3682 597 3745 De
615 3690 713 3764 patre
734 3690 767 3747 et
792 3691 893 3748 matre
916 3706 955 3748 oc
974 3686 1115 3767 pueritia
1138 3685 1297 3766 Anxuri,
1320 3695 1352 3750 et

733 3784 772 3846 de
786 3786 907 3848 vicione
920 3786 1000 3864 ejus.

437 3936 554 4000 Nasus
568 3942 674 3997 autem
690 3935 724 3997 in
740 3939 887 4016 Angusta
901 3939 1040 4016 civitate,
1054 3947 1145 4021 patre
1162 3938 1352 4021 Gundulfo,

392 4051 491 4102 matre
505 4035 735 4117 Ermenberga,
750 4057 821 4119 quae
845 4058 909 4101 uua
928 4054 998 4102 erat
1020 4037 1228 4124 prudentium
1243 4042 1352 4107 t'oemi·

392 4161 516 4216 nurum,
540 4139 691 4223 concepit
720 4142 761 4202 ab
790 4139 884 4203 initio
910 4143 983 4205 vitae
1013 4143 1159 4204 timorem
1192 4143 1352 4223 Domini3

392 4265 410 4306 e
427 4262 492 4326 quo
507 4253 738 4324 consequenter
748 4242 861 4304 salutis
875 4262 942 4305 suae
957 4244 1082 4326 peperit
1096 4245 1247 4321 fructum,
1260 4248 1352 4312 unde

390 4367 471 4410 verae
481 4344 615 4428 justitie
630 4343 834 4428 postmodum
850 4365 948 4427 opera
962 4358 1199 4426 processerunt
1231 4349 1353 4414 Matris

390 4465 464 4507 vero
488 4467 592 4509 mores
615 4445 690 4509 ideo
708 4443 809 4527 magis
834 4446 1015 4528 exprimere
1041 4446 1204 4510 studebat.
1251 4452 1353 4524 Quod
