2992 5592
276 807 433 888 cim]
635 826 878 875 usrssoorcns.
1172 818 1232 878 107

276 999 436 1044 mensura.
486 980 531 1042 In
552 999 616 1061 quo
629 981 696 1044 solo
711 992 817 1044 creata
832 993 906 1044 suut
920 981 1036 1057 omnia,
1051 1004 1126 1069 quae
1144 983 1231 1049 iacta

274 1092 353 1159 sunt,
367 1083 409 1144 iss
423 1100 573 1155 numero,
585 1078 725 1166 pondere
739 1093 773 1146 et
788 1103 950 1148 munuca.
987 1082 1083 1150 Unde
1098 1087 1229 1171 Augus·

274 1181 374 1247 tinus:
407 1182 586 1246 invisibiles
606 1184 805 1271 differentius
825 1188 1045 1269 invisibilium,
1066 1189 1153 1252 solus
1175 1191 1231 1253 ills

272 1285 452 1369 psssdcrure
471 1288 591 1368 potuit,
607 1289 664 1369 qui
684 1290 791 1351 omniu
813 1290 850 1351 in
872 1309 1016 1366 numero,
1033 1289 1182 1371 pondere,
1196 1300 1228 1355 ct

273 1405 425 1450 meum
441 1385 612 1468 dispecuit,
627 1387 663 1450 id
675 1395 733 1462 est,
748 1390 786 1451 iss
800 1393 914 1472 seipso
929 1393 987 1472 qai
1001 1397 1048 1454 est
1066 1412 1229 1471 mensura,

273 1487 357 1550 omni
382 1487 434 1550 rei
458 1486 587 1549 modum
610 1490 800 1572 praefigens:
829 1496 861 1554 et
882 1510 1048 1564 nummus,
1070 1492 1158 1554 omni
1182 1493 1230 1555 rei

271 1590 403 1672 specum
415 1587 584 1670 prebens.-
611 1595 644 1652 st
654 1588 795 1672 pondus,
810 1610 933 1654 omnem
954 1611 1020 1654 rem
1043 1590 1088 1653 ad
1107 1590 1230 1654 stabili-

272 1697 367 1756 sum
387 1690 535 1765 cratem,
550 1686 583 1752 id
605 1701 665 1766 est,
679 1692 870 1766 terminum,
886 1702 916 1754 et
932 1689 1084 1769 formans,
1097 1703 1129 1756 et
1143 1688 1229 1754 ordi·

272 1813 348 1856 nans
361 1789 482 1856 omnia.
528 1792 568 1855 ln
583 1790 734 1877 operibus
758 1813 815 1855 sex
837 1788 961 1854 dierum
978 1789 1010 1853 in
1032 1811 1148 1876 genere
1169 1812 1229 1854 suo

272 1893 352 1959 bona
365 1891 497 1978 singula
510 1906 616 1958 creata
627 1906 855 1970 memorantur,
868 1914 926 1957 nec
941 1904 1046 1958 tamen
1058 1892 1229 1959 creationis

272 1995 499 2061 universalium
523 1996 643 2060 mentio
666 1993 777 2082 aliqua
799 1996 885 2060 iacta
906 2007 973 2060 est:
1005 2017 1062 2060 nec
1084 1995 1226 2080 oportuit

271 2097 412 2185 quidem,
426 2096 453 2162 si
467 2096 679 2163 essentialiter
693 2096 911 2182 singularibus
925 2095 1015 2161 unita
1030 2108 1117 2174 suut,
1129 2110 1187 2163 aut
1199 2097 1226 2162 si

270 2199 471 2266 Platonicum
504 2199 622 2285 dogma
649 2199 805 2264 obtineat.
858 2198 1011 2286 Alioquin
1046 2198 1131 2265 unde
1159 2223 1226 2265 esse

270 2300 422 2382 habeant,
434 2313 492 2366 aut
512 2300 643 2386 quando
658 2300 823 2387 eruperint,
839 2323 995 2387 nusquam
1022 2301 1152 2367 memini
1176 2326 1227 2368 me

270 2401 394 2488 legime.
429 2402 521 2488 Ergo
532 2399 691 2466 duntaxat
702 2399 938 2487 intelliguntur,
948 2406 1126 2469 secundum
1136 2407 1227 2472 Aris·

270 2507 408 2588 totelem,
419 2502 634 2568 universalia:
660 2501 716 2568 sed
729 2503 762 2568 in
774 2518 844 2569 actu
861 2527 967 2569 rerum
982 2507 1063 2571 nihil
1078 2507 1225 2593 estquod

269 2604 307 2670 sit
318 2603 509 2672 universale.
541 2602 679 2669 Amodo
688 2604 773 2669 enim
782 2606 980 2690 intelligendi
990 2607 1138 2693 figuralia
1146 2608 1226 2686 hoec,

270 2721 299 2774 et
308 2707 442 2774 licenter
454 2706 596 2794 quidem,
607 2717 640 2771 et
650 2706 880 2784 doctrinaliter,
889 2708 1018 2773 nomina
1030 2708 1131 2773 indita
1141 2725 1224 2775 sunt.

271 2811 351 2876 Nam
368 2832 464 2875 omne
483 2809 571 2897 quod
587 2813 683 2876 homo
698 2823 757 2891 est,
771 2814 833 2876 iate
846 2815 897 2875 uel
910 2814 964 2876 ille
977 2823 1036 2888 est,
1052 2811 1086 2875 id
1102 2824 1161 2893 est,
1175 2834 1226 2876 res

271 2911 442 3000 singularis
466 2924 533 2977 est:
572 2913 626 2978 sed
653 2912 729 3000 quia
755 2913 890 2999 intelligi
915 2926 1020 3000 potest
1047 2913 1154 2990 homo,
1180 2914 1227 2978 ita

271 3013 358 3101 quod
372 3037 432 3080 nec
447 3017 507 3080 iste
522 3015 731 3102 intelligatur,
746 3038 805 3079 nec
819 3015 883 3092 ille,
899 3039 956 3080 nec
978 3014 1100 3102 aliquid
1116 3014 1224 3102 singu·

271 3113 396 3182 latitate
424 3121 570 3184 essentia
600 3140 720 3191 unum,
760 3130 792 3182 et
823 3116 997 3182 secuudum
1028 3117 1224 3185 intellectum

269 3219 360 3287 illum
371 3218 543 3286 deliberari
557 3230 663 3307 potest
675 3220 761 3285 dere
773 3219 928 3305 subjecta,
938 3220 972 3284 id
988 3234 1046 3296 est,
1058 3220 1226 3286 actualiter

269 3322 507 3410 exemplificari,
518 3324 561 3388 ob
572 3320 755 3388 intellectus
766 3321 1038 3403 communitatem,
1047 3335 1079 3387 et
1088 3345 1224 3410 resquae

267 3423 309 3491 sic
334 3424 470 3510 intelligi
496 3439 614 3511 potest,
634 3426 694 3490 etsi
720 3449 739 3489 a
764 3423 853 3489 nullo
874 3424 1081 3510 intelligatur,
1104 3426 1224 3495 dicitur

267 3549 332 3594 esse
346 3527 544 3592 communis:
567 3549 618 3591 res
632 3525 714 3590 enim
731 3525 791 3591 sibi
807 3525 983 3592 conformes
1003 3543 1090 3608 sunt,
1104 3531 1224 3617 ipsam·

268 3654 330 3718 que
350 3630 605 3696 conformitatem
632 3627 771 3694 deducta
796 3650 903 3693 rerum
925 3630 1128 3715 cogitatione,
1152 3657 1224 3721 per·

268 3732 378 3820 pendit
393 3731 584 3797 intellectus.
623 3731 790 3818 Siquidem
807 3731 902 3795 homo
916 3731 1036 3797 homiui
1052 3737 1224 3802 conformis

267 3848 323 3913 est,
338 3837 373 3901 in
397 3834 543 3921 eoquod
566 3847 703 3922 uterque
724 3846 773 3898 est
796 3834 902 3913 homo,
922 3836 981 3899 etsi
1004 3840 1223 3923 personalibus

267 3936 519 4025 proprietatibus
529 3934 690 4002 differant.
729 3937 840 4001 Habet
851 3949 958 4000 autem
970 3960 1136 4006 commune
1147 3965 1221 4008 cum

267 4062 349 4129 equo
372 4041 486 4127 (aquo
501 4050 570 4103 tota
590 4037 704 4126 specie,
719 4038 754 4103 id
776 4054 834 4114 est,
850 4039 997 4103 universa
1016 4055 1140 4107 naturae
1155 4066 1222 4107 suae

268 4142 379 4226 forma,
401 4155 447 4220 et,
472 4154 510 4207 ut
532 4141 577 4205 sic
598 4139 746 4220 dixerim,
770 4155 838 4207 tota
858 4142 940 4206 facie
961 4141 1109 4225 dissidet)
1132 4144 1221 4228 quod

269 4247 377 4312 vivunt
389 4257 422 4311 et
438 4244 593 4322 sentiunt,
604 4243 731 4325 scilicet,
742 4244 830 4331 quod
845 4244 994 4309 animalia
1008 4255 1093 4307 sunt.
1132 4242 1223 4310 Illud

269 4347 374 4436 itaque
404 4347 437 4412 in
465 4369 533 4433 quo
562 4347 755 4412 conveniunt
785 4344 937 4423 homines,
964 4357 1089 4409 natura
1117 4345 1223 4411 forma

270 4449 392 4532 similes,
407 4464 440 4516 et
458 4447 528 4514 solo
545 4470 677 4513 numero
693 4447 792 4534 (quod
808 4448 860 4512 hic
875 4446 991 4512 scilicet
1009 4466 1104 4526 unus,
1119 4461 1152 4513 et
1166 4448 1221 4513 ille
