2992 5592
151 814 299 897 omnin]
509 830 751 879 aarmoorcus
1039 819 1097 877 163

148 983 222 1049 tione
243 1004 447 1062 sermonum,
473 984 657 1071 trajectione
683 982 858 1062 literarum,
884 982 1095 1050 desuetudine

146 1083 373 1173 exemplorum,
389 1104 466 1171 qute
479 1106 500 1148 a
513 1083 648 1149 diversis
662 1083 838 1171 disciplinis
849 1097 998 1151 mutuata
1012 1099 1095 1150 aunt.

145 1188 185 1252 Et
197 1200 361 1273 postremo
376 1184 470 1274 quod
483 1208 546 1251 non
566 1186 697 1273 attingit
712 1202 885 1265 auctorem,
901 1189 981 1254 adeo
997 1188 1095 1272 scrip·
1118 1203 1121 1209 ’

144 1298 241 1354 torum
262 1287 468 1375 depravatus
480 1302 530 1354 est
553 1288 642 1367 vitio,
659 1304 696 1354 ut
718 1290 786 1354 fere
807 1303 889 1378 quot
911 1291 1029 1375 capita,
1046 1302 1094 1354 tot

144 1390 304 1456 &macula
330 1392 462 1457 babeat.
506 1395 551 1457 Et
582 1391 661 1456 bene
686 1393 817 1479 quidem
845 1391 901 1458 ubi
929 1415 990 1456 non
1020 1404 1096 1456 aunt

144 1490 307 1560 obstacula
321 1495 487 1582 capitibus
507 1494 609 1581 plura.
655 1496 752 1561 Unde
766 1519 786 1560 a
809 1496 980 1583 plerisque,
995 1495 1029 1558 in
1052 1494 1098 1557 in-

144 1607 310 1683 terpretem
327 1594 527 1662 difficultatis
540 1596 636 1684 culpa
658 1598 854 1676 refunditur,
870 1596 1096 1674 asserentibus,

142 1693 254 1762 librum
267 1694 314 1762 ad
328 1718 389 1763 nos
404 1718 466 1762 nm
482 1712 566 1763 recte
581 1697 771 1763 translatum
788 1697 979 1785 pervenisse.

174 1875 256 1962 Cap.
273 1883 307 1941 t.
332 1877 446 1951 Quare
461 1875 643 1940 Aristotcles
658 1896 774 1939 nomen
790 1876 979 1958 Philosophi
988 1893 1061 1956 prae

456 1979 581 2042 coleris
596 1981 779 2044 meruerit?

184 2106 400 2172 Fumantem
422 2103 510 2192 apud
529 2104 758 2190 Peripateticos
778 2117 877 2170 tantae
898 2102 1098 2170 auctoritatis

144 2204 273 2274 edentia
295 2205 549 2284 demonstrandi,
574 2219 611 2271 ut
636 2207 834 2288 Aristoteles,
852 2210 909 2295 qui
930 2206 1009 2271 alios
1030 2206 1097 2270 sere

143 2332 262 2387 omnes,
288 2323 322 2375 et
348 2311 415 2374 lere
439 2309 472 2373 in
497 2310 656 2385 omnibus,
680 2309 886 2398 philosophos
912 2310 1095 2397 superabat,

143 2412 215 2479 binc
236 2433 407 2478 commune
429 2432 542 2475 nomen
566 2410 624 2474 tibi
646 2411 785 2497 quodam
801 2413 1006 2500 proprietatis
1021 2412 1097 2499 jure

144 2514 330 2589 vindicaret,
350 2511 440 2598 quod
458 2510 737 2577 demonstrativam
760 2514 931 2580 tradiderat
955 2510 1097 2598 discipli·

144 2638 225 2684 um.
272 2614 354 2681 Ideo
367 2614 463 2694 enim,
479 2628 517 2680 ut
534 2614 636 2691 aiunt,
651 2613 683 2678 in
703 2616 773 2702 ipso
787 2639 900 2680 nomen
915 2615 1096 2700 philosophi

144 2718 233 2785 edit.
280 2718 315 2782 Si
329 2716 408 2782 mibi
423 2739 485 2782 non
501 2716 656 2797 creditur,
670 2718 823 2782 audiatur
840 2716 889 2781 vel
906 2715 1098 2801 Burgundio

143 2822 288 2902 Pisanus,
302 2839 323 2885 a
337 2843 404 2905 quo
417 2819 506 2884 istud
527 2819 646 2906 accepi.
690 2823 736 2885 Et
753 2820 902 2907 quoniam
924 2819 993 2882 baec
1007 2817 1097 2902 igno·

144 2924 254 2989 rande
269 2922 418 2989 tenebras
432 2921 528 3001 tollit,
542 2921 684 3008 facitque
702 2922 862 3008 quendam
879 2917 1096 3008 proenoscendi

142 3023 358 3113 prerogativa
366 3025 530 3103 scientem,
540 3038 656 3089 sectam
670 3024 946 3100 Academicorum,
955 3042 1051 3108 quam
1063 3021 1096 3086 in

143 3127 203 3204 bia,
230 3151 307 3217 quoe
333 3128 468 3216 sapienti
497 3124 690 3193 dubitabilia
717 3139 803 3200 sunt,
830 3125 1029 3212 profitemur,
1056 3125 1098 3189 da

142 3231 277 3318 caligine
302 3252 362 3296 aua
384 3230 567 3317 frequenter
593 3229 701 3294 educit
731 3231 763 3292 in
795 3229 917 3292 lucem:
952 3240 985 3292 ct
1014 3225 1097 3291 sicut

142 3333 301 3421 imprimis
325 3332 590 3398 examinatorium
618 3331 748 3412 cudens,
770 3330 923 3395 instruxit
942 3329 1098 3418 judicem,

143 3436 188 3502 aie
198 3436 349 3502 clientem
366 3456 460 3501 suurn
479 3433 679 3511 Aristoteles,
694 3433 726 3497 in
746 3433 797 3497 his
811 3434 853 3499 ad
868 3432 1010 3499 docentis
1025 3455 1098 3520 pro·

143 3538 232 3604 vehit
257 3537 492 3602 auctoritatem.
537 3536 689 3621 Eleganti
715 3535 847 3622 quidem
873 3536 997 3617 ordine,
1020 3539 1098 3625 quia

143 3638 200 3725 qui
208 3652 295 3705 recte
301 3639 479 3726 judicantis
490 3638 602 3725 implet
613 3638 763 3716 officium,
774 3640 889 3706 merito
900 3639 941 3704 ad
953 3639 1098 3707 docentis

144 3741 328 3807 cathedram
343 3739 547 3807 sublimatur.

145 3917 223 4003 Cap.
237 3921 272 3983 8.
306 3916 360 3982 Da
383 3917 483 4004 (fficio
505 3916 772 3993 demonstrative,
795 3924 828 3981 et
850 3939 891 3982 ec
914 3918 1031 4001 quibua
1055 3919 1099 3982 ait

184 4020 425 4095 demonstratio,
439 4027 472 4083 et
486 4019 657 4105 quomodo,·
685 4029 715 4084 et
731 4021 816 4101 quod
828 4041 942 4084 aenam
956 4022 1100 4084 scientiar

181 4124 386 4205 principium
399 4130 458 4200 eat,
474 4127 506 4185 el
520 4120 680 4206 quomodo.

190 4256 261 4321 San
270 4252 312 4318 ad
327 4256 410 4319 hanc
424 4251 623 4338 disciplinam
637 4253 709 4338 quis
720 4252 853 4317 idoneus
864 4257 933 4316 est?
954 4250 1101 4316 Profecto

147 4369 177 4422 et
198 4361 226 4424 ai
248 4356 324 4443 quis
345 4355 379 4418 in
401 4354 521 4441 aliquo,
544 4378 613 4420 earn
636 4356 669 4418 in
694 4353 805 4418 multis
827 4353 936 4417 nullus
961 4351 1099 4436 perfecte

146 4462 338 4547 assequitur.
377 4457 511 4521 Necesse
525 4457 608 4521 enim
624 4470 670 4520 est
687 4455 925 4540 disciplinarum
942 4475 1099 4541 praenosse

591 4577 616 4620 u
633 4559 655 4618 2
