2992 5592
141 823 204 870 cre.
221 807 298 887 xm]
531 824 774 870 unranomcns.
1044 811 1088 870 ³3

138 975 255 1061 sapiens
265 972 400 1061 qnidam
413 974 475 1049 (cui
487 973 564 1039 dicti
575 974 678 1038 babeo
685 973 833 1058 gratiam)
846 973 905 1037 ait:
921 974 1082 1060 ingenium
1126 992 1131 999 '

134 1099 151 1138 a
171 1088 286 1139 natura
307 1074 534 1160 proficiscitur,
551 1076 689 1160 juratur
716 1096 790 1150 risu,
813 1075 1020 1140 immoderato
1041 1081 1086 1141 la-

135 1176 206 1239 bore
226 1172 424 1250 retunditur,
448 1187 479 1238 et
501 1186 678 1260 temperato
699 1174 826 1238 acuitur
846 1177 1004 1242 exercitio.
1051 1178 1084 1241 Si

133 1276 211 1340 enim
235 1274 449 1360 compositum
475 1274 586 1351 luerit,
598 1287 630 1338 et
646 1272 788 1358 legitime
812 1286 1006 1353 exercentur,
1022 1297 1085 1340 non

134 1375 227 1440 modo
255 1376 297 1441 ad
328 1374 446 1438 artium
471 1375 676 1460 capacitatem
708 1372 853 1451 sufficiet,
882 1375 937 1439 sed
966 1377 1006 1440 ad
1036 1401 1086 1443 res

135 1475 370 1562 quodammodo
384 1475 572 1541 naturaliter
591 1474 831 1552 inaccessibiles,
848 1490 964 1540 rectam
986 1489 1018 1542 et
1033 1501 1088 1542 ex·

134 1574 273 1660 peditam
299 1573 439 1640 inveniet
469 1575 572 1641 viam:
597 1590 630 1640 et
660 1576 701 1639 ad
724 1576 789 1639 cito
811 1565 1008 1658 discendum,
1030 1591 1085 1642 aut

134 1673 311 1740 docendum
342 1674 496 1761 quicquid
527 1688 654 1762 oportet
678 1675 840 1762 expedite,
870 1675 1086 1742 fidelissimum

136 1776 206 1841 erit.

252 1965 332 2048 Cap.
348 1968 397 2027 12.
447 1964 540 2027 Unde
553 1972 641 2027 ortes
655 1963 811 2028 dicaretur
824 1965 979 2030 liberales.

182 2083 249 2146 San
261 2103 364 2168 quum
377 2080 492 2144 artium
509 2080 614 2146 multa
628 2081 690 2146 sint
704 2104 832 2167 genera,
844 2082 972 2167 ingenio
987 2084 1088 2171 pbilo-

139 2182 303 2269 sopbantis
325 2179 421 2244 animi
442 2181 555 2268 primae
578 2186 718 2246 omnium
742 2182 886 2248 liberales
907 2200 1089 2251 occurrunt.

139 2282 201 2348 Hoe
216 2281 347 2371 quidem
364 2304 483 2359 omnes,
500 2295 554 2346 aut
573 2282 690 2360 Trivii,
705 2296 762 2348 aut
786 2284 951 2361 Quadrivii
968 2287 1089 2351 ratione

137 2382 351 2447 clauduntur:
376 2394 408 2446 et
429 2395 548 2447 tantam
564 2382 716 2447 dicuntur
731 2383 905 2448 obtinuisse
920 2384 1088 2449 efficaciam

137 2484 223 2570 apud
239 2485 455 2570 majores,qui
470 2485 515 2546 eis
529 2480 697 2568 diligenter
709 2483 899 2564 institerant,
915 2499 951 2550 ut
962 2508 1088 2550 omnem

137 2585 295 2672 aperirent
317 2584 494 2656 lectionem,
515 2583 681 2647 adomnia
702 2583 899 2649 intellectum
922 2590 1090 2670 erigerent,

138 2700 169 2751 et
184 2686 328 2751 omnium
351 2684 574 2771 quaestionum,
596 2708 669 2771 quae
692 2685 821 2772 probari
845 2700 991 2770 possunt,
1010 2687 1091 2751 diffi-

137 2787 290 2853 cultatem
312 2784 489 2850 sufficerent
520 2785 667 2849 enodare.
712 2788 827 2870 Neque
853 2785 935 2849 enim
963 2786 1091 2852 doctore

139 2889 274 2973 egebant
297 2887 330 2950 in
351 2885 529 2972 aperiendis
544 2885 644 2963 libris,
658 2900 716 2951 aut
732 2886 967 2974 quaestionibus
981 2888 1092 2953 dissol-

139 2987 253 3052 vendis
268 2986 313 3066 hi,
327 2986 448 3073 quibus
462 2996 519 3049 aut
528 2987 609 3051 ratio
620 2987 722 3051 Trivii
737 2988 880 3051 omnium
897 3012 1092 3065 sermonum,

140 3100 196 3151 aut
219 3086 386 3165 Quadrivii
406 3086 470 3164 lex,
494 3087 593 3151 totius
613 3099 738 3149 naturae
761 3099 880 3150 secreta
902 3088 1091 3171 exponebat.

141 3185 240 3251 Unde
255 3185 335 3251 sicut
350 3199 433 3251 artes
449 3185 544 3250 dictae
564 3193 652 3259 sunt,
667 3207 704 3247 eo
722 3184 810 3268 quod
834 3195 957 3248 arctant
973 3183 1093 3267 regulis

141 3301 174 3352 et
189 3285 367 3374 praeceptis,
379 3287 427 3353 vel
440 3287 601 3363 avirtute,
617 3305 690 3371 quae
700 3289 813 3350 Graece
825 3287 909 3371 ἁρετὴ
918 3284 1046 3362 dicitur,
1059 3302 1093 3352 et

140 3389 261 3454 animos
275 3389 405 3454 roborat
425 3387 467 3452 ad
488 3386 707 3474 percipiendas
728 3386 795 3450 vias
815 3385 987 3471 sapientire,
1002 3402 1093 3453 outa

139 3494 271 3571 ratione,
300 3491 353 3554 cui
375 3491 527 3555 alimenta
548 3502 580 3553 et
603 3488 798 3552 incrementa
820 3497 944 3574 parant,
974 3512 1048 3575 quae
1073 3513 1094 3553 a

143 3589 265 3654 Graecis
279 3613 365 3654 arses
381 3589 606 3653 nominantur:
631 3589 676 3653 sic
691 3601 723 3652 et
739 3587 884 3652 liberales
898 3588 992 3654 dictae
1008 3603 1094 3667 sunt,

143 3695 191 3756 vel
208 3715 247 3757 ex
271 3714 320 3768 eo,
335 3690 425 3776 quod
447 3688 573 3775 antiqui
591 3688 705 3753 liberos
727 3711 800 3753 suos
822 3688 860 3753 iis
880 3691 1096 3775 procurabant

140 3793 286 3866 institui;
313 3791 364 3855 vel
392 3791 432 3855 ab
458 3790 519 3855 hoc
543 3789 631 3876 quod
661 3803 813 3876 quaerunt
839 3790 977 3857 hominis
1001 3792 1096 3857 liber·

141 3906 252 3970 tatem,
276 3907 314 3958 ut
337 3891 423 3956 curis
445 3890 526 3955 liber
546 3891 710 3976 sapientioe
733 3903 837 3967 vacet,
859 3903 890 3956 et
924 3892 1096 3976 soepissime

141 3994 182 4058 ab
192 3994 231 4057 iis
243 3992 382 4059 liberent
397 3988 494 4070 curis,
506 4012 641 4074 quarum
654 3990 847 4074 principium
864 3990 1019 4077 sapientia
1034 4013 1096 4054 non

141 4094 295 4158 admittit.
345 4091 545 4154 Necessariae
574 4112 703 4175 quoque
727 4113 810 4174 saepe
841 4091 1029 4168 excludunt,
1059 4102 1096 4151 nt

139 4195 310 4281 agitationi
326 4191 443 4256 mentis
457 4190 497 4253 ad
513 4189 747 4277 philosophiam
766 4190 806 4254 sit
822 4191 1006 4273 expeditior
1023 4188 1083 4248 via.
