2992 5592
285 824 351 869 car.
368 807 433 881 vn]
645 821 889 868 uurscoorcus.
1200 813 1240 870 23

283 972 518 1060 premissorum
545 971 694 1037 babuisse
722 973 879 1049 doctores,
906 985 938 1039 et
966 970 1076 1038 itidem
1103 973 1238 1039 aliorum

281 1074 405 1139 audisse
428 1074 615 1161 discipulos,
637 1088 668 1140 et
694 1075 737 1139 ab
763 1075 808 1139 eis
833 1073 994 1140 modicum
1020 1074 1053 1139 id
1078 1073 1239 1156 didicisse,

280 1175 366 1262 quod
397 1177 493 1241 novi:
533 1176 759 1263 nequeenim,
788 1191 824 1243 ut
853 1177 1053 1255 Cornificius,
1081 1178 1238 1264 meipsum

280 1279 384 1344 docui.
431 1280 501 1343 Nec
524 1279 662 1344 multum
683 1301 772 1359 curo,
785 1277 866 1365 quid
888 1279 1033 1366 ineptum
1049 1279 1081 1344 in
1105 1282 1238 1347 auribus

280 1402 408 1445 suorum
435 1381 635 1445 Cornicetur.
681 1382 834 1466 Ingratus
855 1382 939 1445 enim
963 1396 1022 1462 est,
1043 1396 1073 1446 et
1097 1386 1238 1468 perversi

279 1482 407 1567 ingenii,
430 1482 487 1568 qui
511 1483 675 1569 profectus
698 1483 747 1546 sui
770 1483 928 1548 diffitetur
949 1497 1122 1548 auctorem.
1174 1483 1237 1547 Sed

281 1585 347 1650 haec
368 1585 544 1651 hactenus:
575 1607 660 1649 nunc
685 1586 908 1671 praetermissis
933 1610 1076 1673 personae
1097 1585 1237 1675 ineptiis,

279 1688 376 1773 ipsius
392 1683 558 1752 sententie
574 1686 807 1773 redarguamus
821 1709 969 1753 errorem.

441 1855 521 1941 Cap.
536 1857 569 1916 6.
597 1854 723 1930 Quibus
736 1854 919 1918 rationibus
934 1856 1072 1917 nitatur.

318 1994 396 2057 Non
427 2003 476 2055 est
504 2013 582 2076 ergo
607 2012 647 2053 ex
672 1989 743 2076 ejus
769 1990 922 2055 sententia
950 1989 992 2071 (si
1020 2001 1125 2055 tamen
1155 1988 1235 2054 falsa

277 2092 383 2179 opinio
405 2091 564 2157 sententia
585 2091 721 2156 dicenda
742 2096 818 2176 est,)
842 2092 1038 2157 studendum
1065 2092 1234 2180 preceptis

276 2192 484 2279 eloquentiae:
517 2192 666 2278 quoniam
689 2214 758 2254 eam
781 2192 905 2256 cunctis
927 2207 1042 2257 natura
1063 2193 1233 2274 ministrat,

277 2308 331 2359 aut
347 2308 455 2380 negat.
501 2297 534 2361 Si
552 2294 636 2359 ultro
651 2293 821 2371 ministrat,
836 2307 894 2361 aut
910 2309 1041 2382 sponte;
1068 2318 1165 2382 opera
1179 2319 1232 2360 su·

276 2397 417 2482 perfluit,
433 2406 466 2460 et
487 2395 663 2481 diligentia.
710 2397 743 2460 si
766 2419 841 2460 vero
861 2408 979 2482 negat3
1005 2394 1151 2464 inefficax
1172 2411 1231 2475 est,

277 2512 307 2563 et
322 2499 438 2564 inanis.
485 2500 567 2563 Nam
584 2498 774 2584 plerumque
794 2496 836 2561 ad
856 2499 1064 2563 maximarum
1089 2501 1233 2588 proposi·

274 2589 396 2665 tionum
411 2601 509 2666 robur
521 2601 659 2665 accedit:
689 2603 834 2666 Tantum
849 2622 1004 2683 quemque
1011 2623 1113 2684 posse,
1125 2624 1229 2685 quan·

275 2712 342 2768 tum
358 2712 485 2768 notura
499 2705 688 2785 permiserit.
727 2701 822 2765 Adeo
832 2702 976 2786 quidem,
989 2720 1025 2765 ut
1039 2704 1127 2788 apud
1139 2700 1233 2768 serie-

273 2817 369 2868 tatem
397 2803 540 2867 fidelium
565 2802 788 2867 historicorum
815 2816 949 2880 constet,
973 2803 1144 2868 Daedalum
1167 2827 1230 2869 non

274 2907 405 2984 volasse,
421 2906 570 2992 quoniam
587 2905 615 2968 ei
634 2917 750 2968 natura
764 2904 829 2968 alas
851 2918 1032 2990 negaverat,
1049 2906 1104 2970 sed
1124 2919 1231 2993 tyran·

275 3008 376 3071 nicam
392 3007 512 3071 rabiem
529 3007 636 3070 subito
652 3007 786 3070 evasisse
803 3007 937 3091 navigio.
977 3009 1136 3071 Praeterea
1149 3007 1231 3072 ratio

276 3123 520 3194 praceptorum,
536 3109 624 3196 quod
640 3108 821 3196 pollicetur,
839 3130 900 3170 non
916 3105 1030 3171 efficit:
1054 3121 1085 3172 et
1101 3108 1231 3172 omnino

276 3210 467 3297 impossibile
487 3226 546 3288 est,
569 3225 607 3277 ut
629 3215 704 3298 quis
726 3209 878 3294 eloquens
901 3209 954 3285 sit,
977 3209 1075 3274 ctiam
1097 3207 1231 3294 diligen·

278 3312 400 3377 tissimo
411 3313 513 3376 studio
525 3327 771 3402 praceptorum.
811 3309 935 3375 Sufficit
947 3310 1028 3374 enim
1041 3334 1118 3376 usus
1127 3311 1229 3391 verbi,

276 3415 1048 3503 loquendiqueintercobabitantescommercium:
1068 3428 1098 3479 et
1109 3415 1228 3500 linguae

274 3521 429 3606 cujusque
451 3519 546 3584 babet
570 3517 765 3604 potissimam
789 3516 989 3595 facultatem,
1009 3516 1066 3603 qui
1088 3518 1227 3583 officium

272 3624 339 3708 ejus
354 3623 466 3686 crebro
482 3634 617 3685 exercet.

311 3724 409 3811 Apud
431 3728 561 3790 Graeoos
583 3722 714 3808 planum
735 3735 783 3787 est
805 3723 875 3798 hoc,
891 3732 923 3785 et
947 3722 1089 3787 Latinos.
1135 3724 1225 3789 Idem

272 3826 356 3892 Galli
372 3827 465 3892 nobis
480 3839 683 3901 attestantur,
699 3837 731 3888 et
755 3824 913 3889 Britones.
958 3824 1055 3910 Apud
1080 3827 1226 3912 Scythas,

270 3940 301 3992 et
314 3928 448 4004 Arabes,
464 3924 529 3989 imo
545 3927 666 4013 ubique
681 3925 837 4001 locorum,
851 3946 962 3988 rerum
978 3938 1037 4003 est,
1052 3927 1129 4013 quia
1149 3949 1227 3991 usus

269 4034 455 4116 magistrum
480 4028 604 4094 reddit:
635 4027 726 4093 labor
747 4026 915 4114 improbus
936 4027 1033 4092 vincit
1056 4030 1172 4106 omnia,
1193 4040 1226 4092 et

267 4132 436 4197 assiduitas
466 4130 582 4215 operis,
611 4130 642 4193 in
673 4129 786 4216 quavis
818 4141 898 4208 arte,
927 4130 1224 4214 praestantissimum

268 4233 341 4299 facit
367 4232 529 4320 opificem.
574 4232 629 4295 Ad
656 4232 736 4311 haec,
762 4231 820 4296 etsi
847 4231 1039 4315 eloquentiae
1064 4241 1224 4314 praecepta

266 4337 468 4421 proficerent,
485 4333 559 4422 plus
580 4334 698 4400 habent
713 4333 840 4413 laboris,
854 4355 952 4419 quam
968 4331 1134 4403 utilitatis3
1162 4353 1221 4397 nec
1331 4345 1348 4371 ⁸

267 4434 471 4524 dispendium
494 4459 600 4522 operae
621 4458 714 4521 aequa
737 4457 878 4520 unquam
898 4429 1155 4516 compensabitur
1176 4457 1222 4499 re.
