2992 5592
538 1397 702 1471 iunux
730 1381 976 1473 camunni.

603 1727 723 1780 LIBER
743 1727 904 1780 PRIMUS.

294 1843 317 1894 1.
336 1843 507 1899 Canusini
519 1864 577 1915 quae
588 1853 617 1899 ut
629 1845 771 1899 Comificio
782 1862 829 1899 suo
840 1845 1044 1916 responderetur,
1056 1849 1173 1901 extorsit.

294 1930 319 1981 2.
338 1931 486 2002 Descriptio
497 1949 613 2003 personae
624 1950 761 2004 suppresso
772 1932 885 1984 nomine.

290 2016 316 2067 3.
335 2017 458 2082 Quando,
470 2017 590 2088 qualiter,
602 2025 629 2072 et
640 2036 657 2071 a
668 2019 762 2088 quibus
773 2017 852 2071 fuerit
863 2018 1006 2071 institutus.

291 2104 315 2152 4.
333 2102 454 2164 Qualiter
467 2105 596 2156 evaserint
608 2110 738 2157 consortes
751 2105 852 2156 erroris.

291 2189 315 2238 5.
331 2188 445 2250 Quantis
457 2190 528 2253 viris,
540 2195 568 2240 et
579 2207 623 2241 cur
635 2187 734 2241 familia
745 2188 791 2242 illa
804 2189 941 2242 detrahere
953 2189 1057 2242 audent.

290 2272 315 2324 6.
333 2274 438 2336 Quibus
449 2275 594 2327 rationibus
606 2276 712 2328 nitatur.

291 2349 313 2414 l.
333 2360 375 2412 De
388 2359 622 2413 commendatione
634 2359 796 2430 eloquentiis.

290 2445 315 2498 Β.
334 2447 414 2509 Quod
425 2454 519 2500 natura
526 2448 643 2520 juvanda
653 2454 703 2512 est,
715 2466 765 2501 usn
777 2455 803 2502 et
814 2450 949 2503 aerdtio.

288 2532 312 2584 9.
331 2533 410 2595 Quod
421 2534 539 2585 homines
550 2534 640 2586 nititur
651 2531 770 2602 elingues
781 2533 876 2599 facere,
888 2536 933 2604 qui
943 2533 1055 2602 logicam
1067 2532 1212 2605 impugnat.

273 2616 312 2669 10.
330 2619 403 2681 Quid
415 2618 546 2686 significet
556 2632 650 2672 nomen
668 2619 775 2688 logicae:
797 2627 824 2673 et
835 2621 904 2690 qnod
916 2635 1006 2673 omnes
1017 2630 1088 2672 artes
1098 2619 1221 2684 colenda,

374 2706 425 2756 nisi
437 2704 573 2776 reprobata
585 2705 646 2757 sint.

273 2789 310 2842 ll.
330 2790 402 2852 Quid
420 2808 475 2842 ars:
494 2796 522 2842 et
539 2790 572 2843 de
584 2789 725 2861 Speciebus
741 2791 913 2857 ingeniorum,
926 2797 954 2844 et
971 2789 1040 2860 qnod
1057 2789 1156 2843 artibus
1174 2809 1219 2844 ex·

373 2875 482 2929 colenda
493 2881 562 2928 sunt.

273 2958 310 3012 12.
330 2960 409 3012 Unde
421 2966 489 3012 artes
501 2961 618 3013 dicantur
630 2960 760 3014 liberales.

273 3045 310 3097 1³.
329 3046 408 3099 Unde
420 3046 520 3099 dicatur
532 3045 718 3100 Grammatios.

272 3128 309 3181 14.
327 3131 406 3193 Quod
417 3133 482 3202 ipss,
496 3132 546 3184 etsi
557 3131 684 3184 naturalis
694 3150 747 3184 non
759 3133 802 3196 sit,
814 3137 934 3184 naturam
945 3131 1069 3182 imitatur.

271 3215 308 3268 lt.
326 3217 405 3279 Quod
418 3218 544 3287 adjectiva
559 3217 680 3270 secunda)
691 3217 863 3288 impositionis
882 3215 1049 3268 substantivis
1065 3214 1154 3285 primae
1165 3232 1215 3267 non

367 3309 429 3373 apte
441 3302 602 3373 copulantur,
612 3309 642 3355 ut
655 3319 737 3373 equus
748 3302 949 3374 patronymicus.

270 3386 307 3439 16.
326 3388 405 3450 Quod
416 3388 544 3460 adjectiva
555 3388 653 3459 primes,
666 3387 835 3440 substantivis
845 3386 935 3459 primis
943 3387 1096 3458 junguntur.

269 3472 306 3531 17.
324 3475 404 3537 Quod
416 3481 444 3527 et
454 3477 481 3527 in
494 3475 594 3546 poetica
603 3481 722 3527 namnam
733 3474 856 3527 imitator.

268 3553 306 3609 18.
324 3558 398 3620 Quid
410 3559 483 3628 sequi
495 3559 595 3623 doceat,
607 3557 708 3627 etquid
720 3559 802 3611 vitare
813 3559 992 3626 grammatica.

267 3641 304 3695 19.
323 3645 403 3707 Quod
414 3645 556 3713 figurarum
568 3642 686 3716 pemtilis
698 3651 738 3697 est
748 3645 870 3712 cognitio.

266 3726 303 3779 20.
323 3728 356 3780 ln
368 3729 461 3798 quibus
473 3727 676 3781 Grammaticum
687 3734 806 3799 oporteat
816 3729 944 3800 occupari.

266 3811 302 3864 21.
324 3814 440 3876 Quantis
451 3814 513 3866 viris
524 3812 662 3885 placuerit;
680 3818 706 3866 et
718 3813 787 3883 quod
804 3814 860 3866 sinc
874 3831 906 3866 ea
918 3832 968 3866 non
980 3815 1066 3881 magis
1076 3816 1135 3883 quis
1147 3815 1210 3868 Phi-

364 3899 495 3969 losopbari
507 3904 600 3970 potest,
613 3915 690 3968 qnam
703 3900 725 3951 si
736 3900 771 3952 sit
782 3899 874 3951 surdus
885 3906 930 3952 aut
942 3907 1037 3952 mutus.

265 3982 303 4036 22.
322 3985 401 4047 Quod
413 3985 567 4037 auctoritate
579 3984 685 4036 Senecae
696 4000 771 4037 suum
782 3990 886 4037 tueatur
898 4002 1018 4037 errorem.

266 4068 303 4121 23.
324 4070 391 4132 Que
407 4070 536 4142 praeeipua
552 4069 605 4121 sint
619 4069 654 4120 ad
669 4070 822 4122 exercitium
835 4069 1011 4140 Philosophiae
1023 4075 1049 4122 et
1061 4070 1171 4130 virtutis,
1184 4076 1211 4120 et

363 4155 433 4224 qnod
444 4155 614 4223 grammatica
627 4159 669 4206 est
679 4171 767 4207 corum
779 4153 984 4207 fundamentum.

266 4238 295 4290 21
313 4240 354 4293 De
364 4258 413 4293 usn
425 4240 541 4308 legendi,
553 4246 581 4292 et
595 4239 754 4311 praelegendi
768 4241 952 4293 consuetudine
971 4239 1099 4293 Bernardi
1112 4238 1209 4289 Carno-

364 4326 455 4389 tensis,
469 4332 496 4377 et
507 4326 654 4394 sequacium
666 4327 730 4395 ejus.

267 4409 302 4459 25.
321 4411 446 4480 Epilogus
458 4409 543 4463 laudis
556 4410 740 4464 Grammaticus
752 4429 786 4465 ex
800 4410 973 4473 Quintiliano.

706 4538 766 4593 ss
