2992 5592
265 811 337 857 car.
352 792 517 866 mnus]
631 804 870 850 nnnamnrcns.
1164 785 1223 845 199

267 959 462 1048 philosophi,
488 972 520 1022 et
548 955 705 1022 Catholici
732 967 837 1041 patres
865 953 1068 1018 definierunt.
1118 953 1218 1015 Porro

266 1064 441 1138 memorari,
463 1076 495 1125 et
518 1062 620 1123 dicere
643 1060 715 1133 Dei,
738 1059 818 1121 scire
840 1056 939 1142 ipsius
960 1069 1017 1119 est.
1062 1055 1220 1118 Memoria

267 1188 407 1254 namque
425 1165 505 1250 ejus,
521 1175 578 1229 aut
598 1162 730 1238 verbam,
748 1161 814 1223 sive
831 1161 926 1233 ratio,
941 1158 1098 1239 sapientia
1118 1156 1221 1241 ipsius

268 1282 324 1333 est.
365 1266 506 1329 Verbum
521 1287 608 1348 ergo,
624 1286 687 1349 quo
702 1262 846 1347 loquitur
861 1259 1102 1346 omnipotentia,
1118 1279 1219 1322 unum

268 1383 336 1434 est:
367 1367 422 1432 sed
443 1366 551 1443 verba,
567 1387 642 1451 quae
663 1364 817 1449 loquitur,
835 1363 968 1427 infinita.
1011 1359 1220 1444 Principium,

268 1471 388 1559 inquit,
411 1468 580 1532 verborum
604 1480 748 1545 tuorum,
769 1467 904 1529 veritas:
936 1487 973 1527 eo
1001 1462 1088 1549 qnod
1110 1484 1129 1524 a
1149 1463 1221 1525 luce

269 1571 491 1646 inaccessibili,
506 1592 603 1655 quam
617 1572 707 1633 Deus
722 1568 891 1645 inhabitat,
902 1567 1009 1644 habet,
1020 1577 1058 1629 ut
1073 1561 1102 1627 ei
1116 1562 1222 1627 omnia

266 1674 473 1738 innotescant.
523 1673 616 1734 Hanc
637 1682 742 1733 tamen
767 1669 882 1742 lucem,
898 1691 917 1730 a
940 1665 1117 1732 substantia
1138 1665 1219 1750 ejus,

269 1799 331 1841 non
348 1775 484 1840 arbitror
499 1773 644 1839 alienam.

270 1973 350 2058 Cap.
367 1975 419 2035 38.
445 1971 538 2045 Quod
551 1972 646 2033 aliter
662 1989 723 2045 res,
739 1970 834 2032 aliter
852 1971 970 2050 opinio,
987 1970 1080 2030 aliter
1094 1966 1222 2041 brutio,

313 2095 387 2137 vera
403 2073 556 2153 veljatsa
578 2072 719 2143 dicitur3
747 2077 779 2133 et
793 2091 894 2152 quara
914 2071 1087 2133 locutiones
1108 2067 1221 2147 liujus·

314 2175 398 2238 modi
412 2181 443 2238 cl
456 2173 595 2237 modales
609 2175 830 2255 appellantur.

314 2312 416 2374 an'c
438 2306 703 2393 jucundissimam
730 2306 862 2370 rationis
893 2306 1098 2391 veritatisque
1121 2305 1223 2368 cobae-

272 2409 417 2490 rentiam,
431 2431 502 2473 cum
522 2410 608 2472 omni
624 2409 800 2472 reverentia
819 2413 1079 2495 contemplemur,
1094 2404 1224 2472 rationis

272 2525 303 2576 et
324 2511 467 2575 veritatis
486 2510 640 2573 auxilium
661 2509 885 2596 implorantes:
914 2534 985 2574 nam
1007 2512 1073 2574 sine
1093 2534 1144 2587 eo,
1158 2530 1223 2573 non

272 2614 366 2678 modo
381 2613 592 2699 apprehendi,
605 2613 658 2675 sed
673 2635 728 2676 nec
738 2613 933 2698 investigari,
944 2613 1079 2676 fideliter
1089 2623 1223 2696 queunt.

274 2719 333 2782 Est
353 2740 430 2802 ergo
450 2719 542 2790 ratio,
558 2719 689 2798 quidam
709 2721 824 2780 tuentis
843 2720 963 2779 oculus.
1008 2716 1054 2777 Et
1070 2725 1106 2776 ut
1129 2713 1224 2776 latius

273 2816 489 2881 describatur:
519 2816 600 2878 ratio
622 2829 668 2878 est
692 2816 855 2901 quoddam
877 2816 1136 2891 instrumentum,
1157 2835 1224 2899 quo

273 2940 362 2983 mens
377 2940 485 2980 omncs
500 2940 609 2981 sensus
626 2940 700 2979 suos
714 2930 849 2983 exercet
895 2916 1063 3002 Proprium
1079 2916 1149 3002 ejus
1163 2929 1224 2993 est,

271 3023 473 3102 investigare,
495 3031 527 3083 et
549 3020 785 3102 apprehendere
806 3018 982 3084 veritatem.
1034 3018 1143 3103 Hujus
1164 3016 1225 3080 vir-

273 3123 352 3188 tutis
366 3121 569 3196 contrarium,
582 3136 629 3185 est
642 3122 838 3185 imbecillitas
849 3135 880 3185 et
895 3124 1082 3204 impotentia
1097 3119 1225 3184 investi-

271 3223 379 3309 gandi,
393 3236 424 3286 et
440 3222 628 3308 assequendi
646 3245 762 3286 verum.
794 3225 893 3286 Error
909 3236 1014 3286 autem
1031 3219 1224 3286 contrarium

272 3341 318 3392 est
335 3326 423 3391 illius
437 3326 630 3410 agitationis,
646 3323 865 3407 investigantis
880 3347 1001 3404 verum,
1016 3347 1113 3409 quam
1128 3346 1226 3409 supra

273 3427 414 3494 diximus
440 3428 603 3491 rationem.
652 3428 760 3491 Virtus
787 3428 854 3491 baec
880 3430 913 3492 in
940 3431 1012 3492 Deo
1043 3423 1226 3510 simpliciter

273 3529 425 3614 perfecta,
436 3526 467 3590 in
480 3526 604 3610 angelo,
614 3528 754 3612 perfecta
765 3551 824 3614 pro
836 3542 961 3605 natura,
974 3528 1029 3591 sed
1042 3529 1075 3593 in
1087 3527 1224 3606 homine,

272 3644 328 3694 aut
343 3627 472 3693 omnino
487 3627 673 3712 imperfecta
687 3641 746 3704 est,
763 3644 817 3693 aut
840 3641 876 3693 ut
892 3627 1050 3701 multum;
1078 3629 1104 3693 si
1119 3638 1224 3693 tamen

275 3729 315 3793 sit
331 3728 362 3791 in
383 3727 491 3811 aliquo
506 3725 646 3813 perlecta
668 3749 727 3812 pro
742 3743 896 3813 tempore,
910 3744 966 3793 aut
986 3730 1152 3794 collatione
1168 3733 1227 3795 im·

273 3829 506 3913 perfectiorum.
559 3830 655 3897 Unde
681 3853 743 3895 non
775 3833 940 3911 rationem,
966 3835 1020 3897 sed
1046 3833 1227 3918 appetitum

275 3931 418 4007 rationis,
446 3955 541 4017 quom
572 3932 745 4017 philologia
776 3937 938 4020 exprimit,
969 3937 1114 4000 vendicat
1147 3936 1225 4000 sibi:

274 4032 430 4118 siquidem
448 4035 575 4098 nomina
591 4035 658 4098 haec
677 4037 864 4119 pltilolopim
879 4041 1093 4122 philosophia,
1109 4051 1140 4102 et
1151 4040 1227 4119 plli-

273 4136 402 4211 localia,
424 4135 686 4221 philosophorum
709 4135 863 4198 modestia
886 4136 1085 4221 temperavit.
1131 4135 1228 4198 Ratio

275 4258 359 4314 vero,
382 4257 586 4322 nequaquam
612 4235 842 4298 contrariorum
870 4234 1082 4320 susceptibilis
1107 4247 1166 4311 est,
1189 4257 1227 4298 eo

275 4338 363 4422 quod
379 4337 489 4403 diviua
504 4338 585 4401 ratio
599 4336 807 4400 immutabilis
823 4336 999 4400 substantia
1013 4346 1069 4398 est.
1114 4334 1227 4421 Angeli

277 4463 361 4516 vero,
379 4439 428 4504 vel
446 4440 581 4504 hominis
596 4439 687 4518 ratio,
702 4438 879 4503 substantia
895 4459 957 4502 non
973 4450 1030 4501 est.
