2992 5592
379 803 421 860 96
641 809 780 854 roansrs
796 808 1077 853 srassaaarausrs
1215 792 1295 871 [ma.
1309 811 1330 855 1.

376 965 493 1051 opibus
508 962 654 1049 pollent?
682 959 752 1036 Qui
774 972 860 1037 sunt,
876 959 932 1045 qui
957 958 1132 1046 praevalent
1154 959 1289 1038 viribus,
1304 975 1333 1026 et

377 1064 410 1127 iu
425 1063 573 1129 omnibus
587 1062 752 1147 negotium
767 1062 924 1135 obtinent,
941 1059 1001 1123 nisi
1015 1059 1225 1146 eloquentes?
1253 1065 1332 1126 Nam

378 1178 415 1231 ut
438 1166 552 1232 Cicero
571 1178 619 1229 est
640 1178 763 1239 auctor,
779 1162 859 1226 nihil
876 1176 924 1227 est
945 1174 1010 1226 tam
1031 1160 1230 1238 incredibile,
1251 1163 1334 1249 quod

377 1289 439 1331 non
460 1265 595 1331 dicendo
609 1266 665 1329 fiat
686 1265 870 1350 probabile:
899 1263 978 1328 nihil
995 1277 1059 1329 tam
1083 1263 1291 1342 horrendum,
1305 1279 1335 1330 et

377 1369 545 1449 incultum,
560 1368 648 1454 quod
664 1390 726 1432 non
744 1366 941 1453 splendescat
963 1366 1118 1445 oratione,
1133 1377 1167 1429 et
1182 1366 1335 1451 quodam-

377 1471 475 1535 modo
496 1483 705 1545 mansuescat,
723 1482 884 1554 tamquam
908 1464 934 1528 si
955 1466 1130 1531 excolatur.
1178 1469 1242 1544 Qui
1263 1491 1336 1553 ergo

378 1571 459 1636 tanti
473 1570 547 1635 boni
561 1582 761 1657 contemptor
775 1580 833 1648 est,
845 1566 1098 1631 manifestissime
1110 1566 1239 1652 desipit.
1274 1568 1335 1643 Qui

376 1687 484 1739 autem
505 1672 621 1759 diligit,
637 1673 700 1736 imo
715 1696 747 1735 se
771 1671 903 1754 diligere
920 1669 1059 1743 simulat,
1075 1683 1107 1733 et
1129 1692 1192 1733 non
1209 1669 1335 1745 excolit,

376 1774 471 1839 nimis
485 1774 648 1860 negligens
662 1788 722 1850 est,
737 1785 770 1838 et
784 1771 983 1857 desipientiae
996 1770 1172 1855 proximus.

399 1949 482 2031 Cap.
495 1952 525 2010 8.
551 1947 644 2021 Quod
658 1951 782 2007 natura
790 1943 943 2022 juvanda
958 1949 1095 2016 estuare,
1110 1947 1141 2005 et
1155 1942 1315 2005 coercitio.

421 2073 601 2135 Caranum
631 2068 711 2131 hanc
741 2067 914 2153 aliquando
940 2068 1111 2149 habituris,
1135 2068 1237 2152 gratis
1267 2070 1335 2157 ipsa

377 2183 493 2235 natura
507 2168 659 2254 largitur:
688 2182 720 2232 et
736 2191 798 2232 non
820 2167 990 2243 habituris,
1006 2190 1074 2231 eam
1098 2183 1207 2252 negat,
1221 2184 1253 2233 et
1267 2191 1336 2254 per-

378 2283 476 2358 petuo
485 2271 660 2336 subtrahit:
677 2283 713 2334 ut
723 2269 847 2355 liquido
856 2283 990 2351 constet,
999 2292 1128 2355 operam
1141 2269 1335 2346 ulteriorem,

377 2386 433 2438 aut
447 2373 571 2437 inanem
587 2395 665 2451 esse,
679 2385 736 2436 aut
752 2395 992 2458 supervacuam.
1035 2371 1145 2448 Quare
1160 2396 1249 2458 ergo,
1263 2374 1336 2438 doc·

377 2474 489 2540 tissimi
506 2473 720 2555 Cornificiam,
734 2475 880 2560 peritiam
896 2476 1038 2539 omnium
1055 2498 1118 2539 non
1135 2475 1261 2540 habetis
1276 2474 1334 2540 lin·

376 2577 536 2664 guarum?
562 2574 671 2650 Quare
686 2598 747 2641 non
765 2575 875 2640 saltem
894 2577 1065 2640 Hebraeam
1078 2577 1202 2641 nostis?
1226 2602 1335 2665 quam,

377 2692 414 2744 ut
430 2681 531 2757 aiunt,
547 2693 663 2744 natura
684 2702 798 2766 parens
814 2678 999 2766 primigenis
1020 2680 1165 2756 tradidit,
1181 2691 1214 2744 et
1228 2685 1335 2764 generi

376 2781 572 2846 conservavit
596 2783 747 2857 humano,
763 2780 863 2844 donec
886 2781 1040 2846 unitatem
1063 2781 1156 2846 scidit
1177 2782 1333 2869 impietas,

377 2896 409 2948 et
425 2884 609 2948 confusione
632 2882 813 2967 linguarum
837 2898 998 2968 prostrata
1018 2898 1066 2950 est
1082 2885 1188 2962 elatio,
1204 2909 1281 2974 quae
1303 2889 1334 2952 in

377 2986 492 3050 coelum
519 2984 737 3061 conscendere,
761 3008 824 3048 non
847 2986 978 3067 virtute,
1001 2987 1055 3050 sed
1080 2986 1203 3052 viribus
1226 2989 1333 3056 molie-

376 3090 482 3165 batur,
498 3098 586 3153 turre
601 3103 794 3154 constructa.
829 3089 935 3166 Quare
946 3112 1008 3153 non
1023 3088 1115 3166 banc,
1128 3112 1202 3175 quse
1214 3091 1335 3156 caeteris

377 3191 552 3256 naturalior
566 3206 625 3268 est,
642 3204 679 3256 ut
701 3194 745 3255 sic
760 3190 897 3266 dicatur,
914 3205 1029 3255 natura
1050 3192 1183 3257 docente
1200 3193 1335 3280 loquun-

377 3294 453 3357 turl
484 3295 546 3356 Est
565 3306 673 3356 autem
696 3308 822 3369 natura,
840 3308 876 3356 ut
899 3292 1093 3378 quibusdam
1117 3294 1233 3380 placet,
1250 3296 1333 3377 (licet

376 3414 445 3455 eam
461 3392 501 3454 sit
521 3388 652 3454 delinire
672 3391 821 3474 difficile)
839 3393 885 3455 vis
902 3393 1049 3478 quaedam
1068 3397 1221 3480 genitiva,
1236 3398 1332 3462 rebus

377 3491 525 3556 omnibus
539 3491 645 3565 insita,
661 3515 700 3555 ex
716 3515 781 3577 qua
796 3493 899 3556 facere
915 3495 962 3558 vel
978 3498 1044 3580 pati
1061 3511 1205 3583 possunt.
1236 3499 1333 3565 Geni-

376 3595 441 3660 tiva
460 3607 567 3658 autem
588 3591 719 3670 dicitur,
735 3618 773 3658 eo
794 3595 882 3681 quod
905 3597 1005 3680 ipsam
1029 3622 1079 3662 res
1100 3621 1240 3686 quaeque
1262 3625 1334 3665 con·

377 3695 495 3772 trahat,
507 3719 526 3758 a
540 3719 635 3760 causa
647 3720 713 3761 suae
724 3699 949 3783 generationis,
960 3716 992 3766 et
1008 3702 1098 3765 abeo
1112 3703 1199 3787 quod
1216 3704 1333 3790 cuique

375 3812 423 3864 est
443 3799 636 3886 principium
656 3801 832 3865 existendi:
864 3824 914 3865 res
934 3803 1016 3866 enim
1042 3804 1228 3890 quaelibeta
1250 3829 1332 3869 com-

375 3903 567 3991 ponentibus
590 3905 760 3981 contrahit,
786 3905 870 3969 unde
893 3906 933 3970 ad
960 3907 1019 3970 ltoc
1043 3921 1119 3992 apta
1143 3909 1193 3984 sit,
1215 3910 1265 3973 vel
1292 3909 1332 3973 ad

375 4004 475 4070 illud:
503 4005 570 4069 sive
585 4007 808 4092 componentia
828 4007 966 4093 partium
984 4009 1111 4072 nomine
1131 4025 1332 4085 censeantur,

374 4108 441 4174 sive
460 4106 611 4172 accedant
630 4107 670 4170 ad
692 4108 847 4192 originem
870 4107 1011 4174 materiae
1030 4126 1062 4175 et
1083 4111 1213 4176 formae:
1247 4126 1282 4177 ut
1298 4114 1331 4177 in

375 4209 582 4297 simplicibus,
599 4231 672 4294 quae
693 4211 960 4274 coacervationem
978 4213 1118 4297 partium
1140 4236 1202 4276 non
1218 4213 1334 4279 admit·

375 4325 465 4386 tunt;
490 4315 555 4376 sive
567 4312 648 4375 ratio
660 4311 869 4397 componendi
884 4312 923 4375 ad
937 4313 1035 4379 solius
1045 4315 1164 4379 divium
1180 4315 1333 4380 bonitatis

375 4412 536 4478 decretum
548 4412 687 4477 accedat.
719 4417 803 4479 Nam
816 4429 847 4477 et
864 4412 932 4477 haec
943 4417 1011 4499 ipsa
1026 4415 1129 4501 prima
1140 4430 1257 4483 natura
1272 4430 1332 4493 est,
