2992 5592
396 843 439 887 na
455 841 611 886 numanis
627 841 918 887 cousrrmnrraos.
1071 827 1135 884 301.

270 996 316 1059 Et
330 996 404 1076 gula
419 1015 479 1058 nos
494 995 627 1057 nimium
644 996 784 1076 pessima
800 1015 886 1076 saepe
901 994 1026 1078 premit.

184 1095 236 1157 llli
252 1107 363 1176 gustus
377 1096 481 1175 adest,
495 1096 548 1158 hic
565 1106 690 1178 portam
706 1107 821 1171 serrat,
836 1107 868 1157 et
881 1095 936 1157 ille

268 1195 348 1257 Vilis
365 1196 447 1271 leno,
463 1215 586 1275 procax
601 1194 720 1274 garcio,
735 1214 845 1255 scurra
859 1215 969 1273 vagus.

182 1294 228 1356 Hi
245 1293 308 1357 duo
324 1315 380 1376 per
394 1294 505 1357 muudi
521 1305 651 1357 currunt
666 1296 843 1369 elementa3
867 1291 946 1374 quid
960 1314 1025 1366 aer,

268 1392 355 1466 Quid
371 1396 474 1477 pariat
489 1397 594 1471 tellus,
610 1393 688 1478 quid
703 1396 795 1472 freta,
809 1394 891 1457 scire
906 1395 1029 1457 volunt.

181 1495 255 1558 Non
272 1496 408 1559 volucris
423 1516 541 1577 penna,
555 1517 621 1559 uon
641 1495 750 1557 eradit
765 1492 830 1558 fera
846 1516 954 1570 cursu,

268 1598 342 1658 Non
359 1606 458 1658 caetus
473 1606 539 1659 toto
555 1597 678 1677 gurgite
694 1607 782 1658 tutus
796 1596 866 1657 erit.

181 1696 350 1759 Noverunt
364 1697 467 1757 varios
482 1696 515 1757 hi
531 1696 716 1778 dispensare
734 1717 876 1777 sapores,

270 1798 317 1860 Ut
331 1796 433 1878 magis
449 1797 603 1873 alliciant,
618 1797 819 1880 illiciantque
835 1797 928 1860 cibis.

181 1895 305 1959 Gustus
322 1896 486 1971 disceruit,
502 1894 590 1979 quod
607 1897 791 1958 transmittit
805 1898 890 1978 gula,
906 1906 1017 1959 venter

266 1996 446 2060 Abscondit
455 2019 464 2071 ;
487 1998 601 2079 probat
617 1995 684 2073 hic,
699 1996 770 2059 haec
785 1996 879 2080 rapit,
894 1997 947 2058 ille
963 1997 1061 2079 capit.

180 2099 208 2159 Ο
224 2113 341 2174 venter,
357 2110 478 2182 quanto
495 2097 647 2180 deturpas
663 2097 794 2170 crimine
809 2096 977 2172 muudum,

268 2199 537 2282 Immundumque
553 2198 643 2274 sacis,
658 2200 765 2282 turpia
780 2219 916 2281 quaeque
931 2199 1082 2264 morene!

180 2302 315 2385 Propter
331 2313 362 2365 te
377 2301 460 2364 fiunt
473 2301 660 2376 homicidia,
677 2302 771 2379 surta,
786 2304 917 2386 rapiuae,

267 2400 410 2479 Insidiae,
425 2413 557 2484 strages,
567 2401 685 2485 jurgia,
701 2404 799 2475 bella,
815 2402 893 2478 doli,

182 2503 288 2567 Currit
302 2501 342 2565 ad
358 2503 530 2567 ecclesiam
546 2503 734 2579 monachus,
751 2506 843 2567 miles
859 2507 941 2586 gerit
955 2529 1054 2583 arma,

270 2600 383 2665 Navita
399 2613 540 2665 sectatur
555 2603 654 2677 lucra,
671 2604 807 2665 colonus
823 2616 900 2666 arat.

179 2703 234 2765 Ex
252 2712 281 2765 te
299 2703 449 2767 virtutum
464 2723 569 2779 casus,
584 2702 764 2784 animaeque
778 2704 883 2780 ruina,

264 2804 483 2867 Membrorum
500 2812 616 2884 pestes,
630 2802 833 2883 luxuriaque
848 2803 929 2866 luas.

176 2904 228 2965 Tu
247 2898 476 2966 Nabusaradan
494 2900 656 2984 princeps,
671 2899 884 2984 dominusque
900 2924 1064 2979 cocorum,

269 3003 418 3085 Namque
435 3002 495 3062 tibi
510 3019 580 3062 sero
596 3010 629 3061 et
642 3020 735 3062 mane
752 3001 892 3083 coquina
908 3004 1031 3086 strepit.

183 3106 235 3168 Tu
251 3105 338 3166 follis
354 3101 507 3176 tumidus,
522 3121 576 3162 ras
591 3101 721 3182 plenum
737 3100 887 3165 sordibus
896 3125 906 3178 ;
928 3103 1028 3166 immo

268 3202 388 3263 Plenus
402 3199 481 3262 saece
496 3200 597 3275 locus,
612 3219 678 3260 uon
694 3198 797 3274 locus,
813 3200 911 3263 immo
927 3202 1027 3265 lacus.

177 3306 247 3366 Vos
264 3321 337 3381 ergo
353 3300 476 3374 fratres,
492 3318 618 3360 mecum
633 3297 819 3371 discernite,
836 3302 939 3383 qualis

265 3402 330 3464 Hic
347 3398 508 3476 dominus,
523 3420 649 3461 mecum
667 3400 799 3472 cernite,
817 3403 911 3485 quale
920 3402 1046 3486 jugum.

176 3505 286 3586 Turpe
297 3502 413 3585 jugum
431 3499 539 3573 credo,
558 3500 687 3583 quando
702 3522 811 3565 servus
827 3503 1020 3579 dominatur,

266 3604 312 3666 Et
327 3601 476 3664 dominus
492 3602 608 3677 servit;
630 3602 682 3664 hic
695 3602 800 3684 jubet,
817 3605 872 3668 ille
887 3606 977 3682 facit,

176 3707 284 3790 Turpe
294 3704 410 3787 jugum
427 3723 512 3776 rere,
529 3702 658 3785 quaudo
674 3703 796 3768 ratione
812 3707 941 3790 supulta

263 3809 303 3869 Iu
320 3804 415 3867 nobis
430 3814 540 3866 renter
554 3804 701 3886 imperat,
718 3805 775 3868 illa
789 3806 875 3871 silet.

175 3908 290 3971 Vivere
307 3906 473 3981 debemus,
488 3926 555 3967 non
571 3905 682 3977 ventri,
700 3904 757 3968 sed
772 3908 905 3973 rationi:

262 4009 319 4070 Vir
333 4009 438 4070 bonus
453 4008 547 4077 hanc,
565 4027 628 4067 non
645 4006 744 4082 huuc,
761 4020 851 4091 optat
868 4010 987 4074 habere
1003 4011 1131 4074 ducem.

177 4109 297 4172 Paulus
313 4109 375 4171 ait:
399 4109 520 4171 Venter
534 4129 618 4170 escae
634 4106 737 4184 datur,
753 4129 892 4192 escaque
908 4113 1030 4187 ventri3

264 4210 346 4273 Sunt
360 4208 424 4273 duo
434 4209 552 4293 juncta
568 4209 641 4287 sibi,
656 4210 768 4292 perdet
783 4223 952 4296 utrumque
968 4215 1068 4277 Deua.

174 4310 245 4373 Nos
259 4331 334 4390 ergo
349 4309 471 4391 pudeat
487 4310 541 4373 tali
558 4310 672 4372 servire
689 4311 842 4389 Patrono,

260 4409 371 4472 Gloria
385 4422 495 4473 nostra
508 4431 565 4493 per
580 4411 667 4474 huuc
683 4412 898 4495 nobilitasque
914 4415 1007 4496 perit,
