2992 5592
587 831 810 878 uurflnrrcus.
1112 819 1172 879 2⁷1

311 986 437 1052 Fortius
452 988 513 1051 boc
530 988 649 1052 facient
664 986 767 1050 sidera
783 999 900 1073 cuncta
914 987 1020 1049 simui.

227 1086 381 1152 Praesidet
395 1089 520 1153 humori
536 1110 617 1171 vaga
632 1088 786 1169 Cynthia,
802 1087 913 1170 solque
929 1087 1038 1162 calori,
1114 1090 1178 1149 000

314 1193 440 1255 Humor
453 1192 494 1255 ab
509 1191 662 1275 adjuncto
677 1199 798 1254 cuncta
812 1191 917 1253 calore
932 1190 1025 1272 parit.
1132 1234 1140 1246 .

227 1290 279 1353 De
293 1295 397 1357 radiis
411 1294 486 1358 solis
500 1302 531 1358 et
545 1295 638 1356 lunae
652 1299 683 1354 et
703 1291 814 1378 officiis
833 1311 942 1354 eorum
962 1297 993 1353 et
1011 1289 1180 1374 signifiea-

657 1397 753 1458 tione.

229 1498 371 1561 Lunares
386 1498 467 1561 radii
482 1519 594 1563 carnes
610 1499 793 1581 fructusque
810 1508 963 1579 perurunt

312 1599 358 1662 Et
372 1601 493 1676 vitiant,
508 1599 615 1663 radius
631 1598 708 1662 solis
722 1599 864 1681 utrisque
880 1598 973 1659 iavet.

229 1700 281 1761 Sic
299 1699 463 1763 mundana
477 1701 560 1783 perit
575 1701 745 1783 sapientia,
763 1718 899 1782 veraque
913 1695 1044 1780 prodest

317 1802 536 1885 Naturamque
552 1803 648 1880 soret,
664 1804 761 1886 plena
776 1802 882 1866 calore
897 1799 970 1863 Dei.
1102 1803 1184 1861 1000

229 1903 295 1966 Sed
310 1905 398 1966 calor
411 1904 587 1967 immensus
601 1926 721 1967 vermes
737 1904 831 1986 parit,
847 1916 883 1967 ut
899 1903 958 1965 tibi
974 1913 1111 1973 constet,

317 2004 488 2068 Scrutandi
505 2007 582 2089 quid
600 2007 696 2069 habet
711 2005 939 2070 immoderatus
955 2027 1053 2069 amor.

232 2108 286 2170 sol
302 2107 386 2169 soret
401 2120 433 2170 et
447 2109 591 2191 reprimit
605 2110 718 2182 visum,
735 2109 811 2192 quia
827 2110 953 2172 sobrius
967 2129 1037 2171 esse

317 2209 435 2280 Debet,
452 2209 508 2291 qui
523 2208 639 2290 satagit
654 2210 791 2292 mystica
805 2209 887 2272 scire
904 2208 978 2272 Dei.

233 2306 369 2370 Subdita
385 2310 452 2371 sole
469 2309 570 2384 vides,
587 2311 644 2373 tibi
659 2311 731 2373 luce
748 2323 855 2373 creata
869 2317 1041 2392 patescunt
1102 2311 1184 2370 100³

320 2410 449 2488 Divina,
463 2413 558 2495 plene
574 2414 681 2475 nullus
697 2423 867 2495 utrumque
883 2412 979 2475 videt.

233 2512 294 2574 Est
308 2514 439 2576 coeleste
454 2515 576 2576 bonum
592 2516 757 2598 solemque
772 2515 943 2597 Deumque
960 2514 1077 2590 videre,

320 2614 460 2698 Solaque
476 2616 626 2679 mortales
640 2613 791 2678 inferiora
807 2614 926 2677 vident.

235 2717 307 2777 Lux
323 2717 477 2779 immensa
493 2717 573 2798 tegit
588 2717 699 2793 solem,
716 2715 888 2798 divinaque
903 2735 1029 2796 semper

319 2820 475 2903 Majestas
490 2820 536 2883 sic
552 2833 600 2881 est
615 2820 735 2882 lumine
752 2827 837 2881 tecta
851 2840 918 2881 suo.
1105 2821 1187 2879 1010

237 2919 298 2981 Est
311 2919 344 2981 in
361 2919 455 2982 solari
472 2919 542 2981 sons
557 2918 685 2982 luminis
701 2929 797 3002 atque
815 2919 931 2981 caloris

322 3021 475 3101 Corpore,
492 3021 657 3104 spiritibus
673 3023 744 3084 fons
760 3022 925 3104 utriusque
942 3023 1041 3084 Deus.

461 3121 554 3194 Quod
567 3122 662 3183 nulla
675 3122 858 3184 substantia
870 3123 966 3202 perit.

237 3225 336 3286 Nulla
351 3223 453 3305 perire
469 3232 573 3304 potest
589 3224 777 3296 substantia,
793 3225 959 3306 formaque
974 3226 1082 3288 formae

325 3323 514 3386 Succedens
528 3324 688 3407 prohibet,
703 3324 792 3406 quod
806 3335 925 3400 movet,
940 3347 1011 3389 esse
1027 3326 1117 3389 nihil.

241 3425 388 3487 Motibus
400 3424 450 3486 his
462 3433 603 3486 recreata
611 3434 741 3486 manent
750 3426 1098 3511 elementavigentque‚
1110 3431 1192 3491 1015

326 3525 414 3587 Dum
431 3535 521 3588 vetus
536 3523 679 3588 abscedit
694 3538 726 3588 et
741 3547 824 3589 nova
839 3528 939 3590 forma
955 3527 1056 3591 datur.

241 3627 348 3689 Portio
364 3627 449 3690 fessa
464 3638 549 3689 statu
565 3638 655 3707 grata
668 3627 812 3689 novitate
828 3627 958 3691 resumit

328 3731 439 3792 Robur
453 3743 485 3791 et
501 3749 520 3791 a
535 3728 644 3791 formis
659 3729 776 3811 accipit
792 3749 863 3790 esse
879 3750 1006 3792 norum.

241 3833 362 3894 Alterat
377 3831 447 3893 haec
464 3831 600 3914 species,
617 3828 703 3892 aliud
720 3830 797 3894 iacit
812 3831 878 3904 iila,
894 3852 1057 3915 genusque

328 3935 457 3998 Dicitur
472 3948 504 3996 et
519 3934 642 3996 confert
657 3933 793 3995 cuilibet
807 3954 878 3997 esse
894 3936 950 3997 rei.
1115 3938 1197 3994 1020

355 4037 447 4110 Quod
461 4037 610 4118 informis
624 4034 719 4098 Deua
733 4038 882 4115 etsorma
890 4036 1086 4116 formarum.

245 4138 393 4201 Informis
410 4140 500 4201 Deus
515 4152 572 4214 est,
588 4140 756 4201 formarum
772 4136 874 4200 sorma
890 4137 1050 4217 vigorque,

331 4241 370 4302 In
386 4262 450 4324 quo
466 4260 515 4303 res
528 4241 633 4302 omnis
648 4250 836 4322 perpetuata
849 4246 968 4299 manet.

246 4342 377 4424 Semper
391 4343 475 4404 enim
492 4342 571 4404 vivit
585 4340 664 4403 ratio
680 4339 799 4413 divina,
814 4358 954 4421 perenne

333 4443 399 4505 Res
414 4464 525 4506 omnes
540 4443 651 4504 vivunt
664 4442 697 4502 in
712 4439 835 4501 ratione
852 4438 926 4514 Dei,
