2992 5592
603 829 880 880 rnnnxcsnrturr.
1197 827 1218 882 5

279 983 303 1035 8.
323 981 366 1035 De
379 982 472 1035 Titnlo
485 980 626 1034 definiendi
639 983 681 1050 qui
694 987 830 1034 exercetur
841 983 867 1033 in
880 981 972 1036 Sexto.

280 1070 303 1122 9.
323 1069 365 1122 De
378 1068 542 1141 problemate
556 1067 673 1138 ejusdem
684 1073 711 1119 et
725 1067 830 1131 diversi,
842 1068 911 1137 quod
923 1070 1039 1138 agitatur
1050 1071 1077 1123 in
1089 1073 1217 1143 septimo:

364 1161 393 1207 et
404 1154 552 1206 communia
564 1153 679 1222 qnaedam
691 1151 858 1222 Topicorum.

266 1240 302 1292 10.
322 1240 365 1292 De
377 1239 494 1293 utilitate
507 1239 599 1291 octavi.

568 1474 688 1531 LIBER
706 1473 905 1540 QUARTUS.

283 1578 305 1633 1.
324 1582 411 1644 Quon
421 1579 489 1633 liber
499 1579 694 1650 Analyticurum
706 1587 748 1634 est
758 1583 888 1633 rationum
900 1581 1110 1635 examinatorius.
1147 1614 1152 1625 ·

283 1667 305 1718 2.
325 1668 402 1730 Quod
416 1667 532 1719 Scieutia
547 1666 603 1719 haec
619 1666 692 1720 utilis
708 1672 750 1718 est
761 1666 795 1717 ad
811 1666 910 1719 omnia:
931 1671 958 1719 et
972 1667 1041 1719 ande
1055 1667 1112 1719 hsec
1125 1670 1217 1721 sortita

367 1752 402 1803 sit
413 1767 514 1802 nomen.

282 1834 305 1885 3.
325 1834 403 1896 Quod
415 1834 480 1886 liber
491 1852 543 1886 nou
555 1839 665 1886 eatenus
678 1833 748 1886 utilis
761 1839 801 1886 est
812 1833 846 1885 ad
857 1833 972 1905 phrasim
983 1835 1188 1905 comparandam.

281 1922 306 1971 4.
324 1920 393 1982 Quoe
404 1921 438 1972 sit
450 1920 510 1971 libri
523 1920 598 1989 primi
611 1919 752 1988 conceptio.

282 2006 306 2058 5.
324 2006 392 2068 Quoe
404 2007 438 2057 sit
450 2006 583 2075 conceptio
595 2005 711 2057 secundi.

282 2091 306 2143 6.
326 2090 368 2143 De
380 2090 537 2143 difficultate
549 2091 720 2161 posteriorum
729 2089 936 2158 Auslyticorum:
949 2096 975 2142 et
987 2089 1055 2143 unde
1066 2091 1216 2160 contingat?

281 2179 304 2232 7.
324 2176 414 2238 Quare
427 2174 586 2227 Aristoteles
597 2191 692 2227 nomen
709 2173 861 2246 Philosophi
873 2191 926 2245 prae
937 2175 1037 2228 caeteris
1049 2178 1179 2229 meruerit.

282 2260 306 2312 8.
326 2260 368 2312 De
388 2258 476 2312 officio
494 2258 716 2320 demonstratum
734 2266 760 2311 st
776 2259 918 2328 exquibus
933 2261 968 2311 sit
983 2259 1175 2325 demonstratio,
1191 2267 1219 2314 et

368 2344 514 2415 quomodo?
547 2348 574 2396 et
597 2342 665 2412 quod
688 2360 780 2396 sensus
803 2345 918 2398 ccientiae
940 2346 1093 2418 principium
1116 2350 1167 2410 est,
1191 2351 1219 2398 et

368 2429 515 2499 quomodo?

281 2517 306 2569 9.
324 2516 398 2578 Quid
417 2531 517 2577 sensus,
530 2520 557 2566 et
576 2515 704 2583 quomodo
716 2515 800 2567 omnis
816 2514 987 2586 philosophice
1001 2517 1102 2588 species
1116 2533 1151 2568 ex
1162 2516 1218 2587 ipso

369 2600 547 2652 convalescant
559 2618 604 2671 per
616 2601 839 2668 imaginationem.

267 2687 306 2740 10.
326 2686 370 2738 De
383 2686 587 2752 imaginatione:
600 2691 627 2737 et
639 2686 707 2753 qnod
719 2702 755 2737 ex
766 2685 825 2753 ipsa
836 2684 952 2736 oriuntur
963 2682 1114 2736 affectiones
1126 2683 1220 2752 quibus

370 2772 458 2823 anima
470 2771 638 2841 componitur,
651 2777 697 2823 aut
709 2771 814 2823 turbata
825 2768 986 2822 deturbatur.

269 2857 307 2911 ll.
327 2858 399 2920 Quid
419 2858 587 2925 imaginatio;
616 2862 643 2908 et
665 2857 698 2909 de
720 2857 840 2928 opinione
860 2862 888 2909 et
909 2854 1014 2908 fallacia
1035 2856 1171 2927 opinionis,
1193 2862 1221 2908 et

370 2959 474 2994 sensas:
494 2942 566 2994 etde
579 2947 635 2994 ortu
649 2941 790 2994 Phronesis
805 2958 882 3010 quam
899 2958 947 2993 nos
960 2941 1123 3012 prudentiam
1137 2942 1219 2992 nomi·

371 3044 472 3079 namus.

269 3111 309 3166 lt.
327 3113 397 3175 Quid
417 3113 561 3183 prudentia,
580 3130 637 3181 quae
654 3112 765 3164 materia
782 3112 848 3180 ejus,
866 3125 924 3177 quae
941 3113 1037 3178 partes,
1049 3115 1077 3159 et
1094 3108 1221 3175 quomodo

371 3197 480 3248 scientia
491 3214 526 3249 ex
538 3198 634 3249 sensu?

269 3283 309 3336 13.
327 3283 371 3335 De
383 3281 530 3334 differentia
543 3283 657 3334 scientise
669 3285 697 3332 et
709 3278 858 3349 Sapientiae,
871 3281 898 3328 et
911 3277 972 3346 quid
984 3276 1058 3329 tides.

269 3367 309 3421 14.
327 3369 371 3421 De
382 3368 530 3434 cognitione
541 3369 686 3435 φρονήσεως,
700 3370 727 3416 et
739 3365 859 3427 ἀληθείας,
872 3368 900 3415 et
917 3364 950 3416 de
966 3369 1023 3416 ortu
1038 3363 1182 3435 phronesis,
1195 3372 1222 3418 et

370 3450 432 3518 qnid
445 3450 520 3501 ratio.

270 3534 310 3588 15.
329 3535 399 3587 Item
418 3535 480 3603 quid
499 3533 597 3585 Ratio?
624 3537 651 3584 et
665 3533 734 3601 quod
748 3550 844 3585 nomen
855 3533 964 3584 rationis
975 3532 1112 3603 multiplex
1124 3540 1177 3586 est:
1196 3541 1224 3587 et

372 3620 441 3689 quod
454 3622 568 3670 rationes
579 3617 752 3688 sempiternus.

269 3704 309 3757 16.
329 3705 471 3757 Distinctio
484 3702 692 3773 multiplicitatis,
705 3709 732 3756 et
744 3702 812 3772 quod
827 3702 903 3756 bruta
915 3720 967 3755 non
977 3704 1076 3756 habent
1087 3705 1222 3769 rationem,

372 3789 423 3841 etsi
444 3789 589 3840 discernere
609 3786 756 3853 videantur,
775 3792 801 3840 et
821 3786 891 3838 unde
909 3784 986 3839 homo
1002 3805 1061 3841 eam
1080 3789 1172 3841 sortita
1189 3791 1225 3841 sit

368 3876 448 3946 juxta
462 3872 608 3925 Hebraeosl

269 3958 310 4017 li.
329 3958 372 4012 De
389 3957 479 4012 officio
496 3958 617 4009 rationis:
642 3961 669 4009 et
687 3974 767 4026 quare
785 3973 877 4010 sensus
894 3958 922 4009 in
934 3956 1038 4027 Capite,
1051 3958 1143 4026 quibus
1158 3959 1224 4010 ratio

373 4045 506 4116 presidet,
518 4048 545 4094 et
556 4058 620 4111 quas
631 4041 799 4112 pedissequas
810 4042 909 4094 habeat
919 4040 1078 4112 philologia?

270 4132 310 4186 18.
329 4132 373 4184 De
386 4130 536 4184 differentia
549 4130 665 4193 rationis,
678 4137 706 4181 et
716 4129 877 4182 intellectus:
897 4136 924 4181 et
936 4128 998 4197 quid
1009 4127 1176 4180 intellectus?

270 4217 309 4270 19.
328 4217 401 4279 Quid
414 4214 568 4286 Sapientia?
588 4219 614 4265 et
627 4214 694 4282 quod
706 4214 763 4284 ipsa
774 4214 808 4266 de
819 4230 898 4265 sensu
910 4230 955 4284 per
966 4214 1088 4280 gratiam.

268 4301 311 4354 20.
331 4301 374 4353 De
394 4299 543 4367 cognitione
562 4299 662 4361 anime,
681 4303 708 4350 et
729 4298 762 4351 de
782 4296 957 4369 simplicitate,
980 4302 1009 4346 et
1030 4292 1224 4350 immortalitate

374 4384 518 4438 secundum
531 4383 692 4438 Ciceronem.
