2992 5592
437 840 646 887 vrrasascnr
661 801 817 888 sasaim.
1046 828 1109 886 att

156 994 243 1059 uliud
255 995 406 1059 habebat.
435 997 456 1058 J
458 1012 509 1057 am
521 995 676 1057 invaserat
687 994 772 1074 ignis
784 993 879 1070 edax,
890 993 946 1076 qui
962 994 1108 1057 universa

155 1097 325 1160 consumit.
371 1098 449 1159 Non
473 1108 539 1159 erat
563 1097 686 1158 homini
707 1096 872 1170 solatium;
903 1115 1002 1178 quum
1027 1115 1104 1157 ecce

127 1198 177 1261 fra
192 1208 241 1260 ter
263 1220 347 1261 unus
371 1209 491 1273 monet,
512 1210 548 1260 ut
572 1199 736 1259 nutritoris
757 1198 805 1258 sui
826 1197 968 1259 Auselmi
990 1197 1101 1259 memi-

153 1299 243 1378 nerit,
267 1300 361 1383 eique
386 1301 563 1385 committat
585 1299 727 1371 domum,
751 1297 806 1380 qui
831 1298 976 1360 flammas
998 1298 1102 1360 extin-

155 1420 251 1480 guere
263 1402 437 1464 consuevit.
468 1401 563 1463 Paret
577 1401 642 1474 ille,
653 1409 686 1462 et
697 1398 840 1460 nondum
852 1398 943 1460 finita
954 1399 1105 1461 Oratione

156 1500 331 1564 Dominica
357 1503 488 1564 domum
512 1524 602 1564 suam
633 1503 674 1564 ab
700 1499 851 1563 incendio
876 1501 944 1562 sine
973 1501 1104 1562 laesione

157 1601 287 1665 miratur
315 1617 346 1665 et
374 1604 499 1665 laetatur
528 1614 721 1685 exemptam.
774 1601 886 1664 Helias
915 1602 1106 1664 venerabilis

156 1703 258 1766 abbas
273 1716 391 1768 sauctae
406 1706 569 1768 Trinitatis
583 1705 616 1766 in
633 1714 740 1766 moute
761 1703 940 1783 Rotomagi,
956 1704 1106 1785 precibus

158 1815 191 1866 et
213 1805 333 1868 meritis
351 1806 436 1868 beati
452 1807 608 1883 Anselmi‚
623 1827 719 1888 quum
741 1805 782 1867 ab
803 1825 843 1866 eo
864 1803 1107 1882 ordinaretur,a

157 1918 280 1969 tumore
300 1917 332 1969 et
353 1906 461 1969 dolore
483 1929 635 1989 genuum,
649 1908 767 1990 quibus
787 1904 867 1967 adeo
883 1907 1059 1967 vexabatur
1073 1915 1109 1968 ut

157 2008 214 2070 rix
242 2007 389 2071 incedere
419 2012 531 2091 possit,
554 2031 588 2073 se
615 2009 741 2092 publice
771 2007 936 2069 consessus
961 2018 1010 2069 est
1035 2028 1106 2070 esse

159 2116 312 2170 curatum.
358 2108 422 2170 Sed
453 2111 527 2192 quis
550 2132 611 2191 ego
634 2131 715 2186 sum,
740 2119 776 2171 ut
802 2129 945 2170 enarrem
965 2107 1108 2191 justitias

159 2207 303 2286 Domini,
331 2220 364 2270 et
393 2212 471 2273 tanti
502 2213 599 2294 patris
629 2212 792 2294 praeconia
820 2229 873 2273 ore
904 2211 953 2272 vel
983 2210 1107 2273 calamo

157 2320 413 2392 presumptuosa
436 2311 645 2393 contingam?
684 2314 776 2375 Viros
797 2312 925 2396 quidem
947 2332 1035 2374 meas
1050 2332 1107 2373 ex·

158 2410 246 2473 cedit
260 2422 291 2474 et
306 2414 427 2486 merita,
444 2427 478 2477 ut
498 2427 619 2478 tantum
640 2417 854 2478 consessorem
875 2415 971 2494 digne
987 2412 1106 2477 descri-

158 2511 248 2588 bam3
279 2523 311 2575 et
337 2514 445 2597 inepte
470 2515 647 2581 describere
669 2528 746 2578 nota
768 2516 1026 2599 praesumptionis
1050 2522 1109 2593 est,

160 2625 193 2675 et
206 2633 257 2675 res
271 2612 344 2695 jure
366 2628 397 2676 et
413 2617 523 2678 merito
544 2617 686 2678 obnoxia
707 2637 822 2698 poeuae.
868 2614 932 2677 Sed
952 2615 1108 2697 propitius

158 2713 236 2776 mihi
260 2715 301 2775 sit
323 2724 413 2796 pater
427 2712 607 2788 Auselmus‚
623 2726 655 2777 et
677 2715 798 2776 meritis
820 2726 852 2776 et
873 2715 1022 2795 precibus
1042 2714 1109 2776 suis

160 2823 298 2875 mentem
325 2835 427 2875 meam
457 2814 574 2893 dirigat
602 2815 635 2876 in
667 2815 912 2897 occupationem
942 2814 1050 2876 utilem
1074 2825 1108 2877 et

157 2915 337 2992 honestam,
352 2925 384 2976 et
399 2937 471 2998 quae
487 2915 603 2978 dirinae
620 2917 661 2978 sit
675 2915 795 2999 placita
810 2914 977 2999 majestati.
1008 2915 1108 2978 Audi-

158 3027 258 3078 torem
275 3036 402 3098 quoque
419 3029 450 3079 et
469 3018 620 3079 lectorem
637 3019 790 3091 obsecr03
814 3026 846 3078 et
861 3037 925 3099 qua
944 3018 1021 3079 licet
1035 3037 1109 3100 sup·

158 3115 334 3197 plicatione
350 3115 506 3191 obtestor3
530 3132 564 3179 ut
579 3118 611 3178 iu
629 3117 690 3181 hoc
708 3127 782 3178 voto
798 3136 923 3178 mecum
940 3128 971 3178 et
986 3133 1042 3196 pro
1058 3137 1109 3178 me

160 3218 333 3280 sollicitent
347 3230 492 3282 sanctum
509 3231 630 3300 patrem
646 3220 844 3297 Anselmum,
860 3219 985 3280 etmihi
1000 3234 1032 3281 et
1048 3217 1110 3282 sibi

159 3318 283 3381 reniam
312 3319 482 3401 impetrent
506 3319 692 3382 delictorum
719 3321 760 3381 ab
791 3340 841 3394 e0‚
865 3319 920 3401 qui
947 3320 1034 3382 solus
1062 3331 1111 3383 est

160 3419 348 3483 benedictus
363 3422 396 3482 iu
412 3420 530 3484 saecula
545 3422 743 3483 saeculorum.
788 3422 900 3482 Amen.

201 3622 349 3704 Explicit
371 3626 439 3687 Vita
454 3627 571 3689 Sancti
587 3625 728 3687 Amelml
745 3624 997 3688 cantuariensis
1017 3626 1110 3689 ecclc·

159 3723 219 3786 sioe
240 3727 481 3808 archicpiscopi,
496 3727 670 3789 secundum
693 3727 855 3790 Jonrrnem
882 3728 1110 3792 Cornotenaem

160 3828 353 3908 episcopum.
