2992 5592
415 819 475 880 100
675 833 812 877 ioannis
828 828 1108 874 saansaanransis
1226 810 1311 884 [uu.
1328 826 1361 871 n.

413 1001 444 1051 et
475 984 591 1049 animal
612 984 821 1068 significatur,
843 996 874 1046 et
897 980 1013 1044 animal
1037 1001 1140 1063 genus
1170 1001 1277 1042 rerum
1300 990 1363 1040 est:

412 1086 547 1151 eatenim
556 1085 767 1169 significatum
779 1081 912 1162 vocis,in
923 1081 1009 1168 quod
1023 1080 1198 1154 descendit,
1211 1093 1266 1145 aut
1278 1078 1364 1166 quod

412 1187 537 1252 auimua
551 1185 781 1251 rationabiliter
790 1184 928 1270 concipit
944 1206 983 1245 ex
994 1205 1069 1245 voce
1079 1181 1201 1245 audita.
1249 1181 1365 1265 Itaque

413 1288 470 1374 qui
493 1287 584 1351 audit
614 1287 695 1351 hanc
719 1307 827 1349 vocem
852 1286 958 1360 homo,
989 1306 1046 1346 nec
1069 1305 1179 1346 omnes
1208 1281 1366 1368 percurrit

413 1389 556 1453 homines
571 1389 735 1474 (quoniam
753 1388 813 1451 hoc
827 1386 1000 1460 infinitum,
1013 1399 1045 1449 et
1062 1385 1143 1448 vires
1158 1384 1296 1465 excedit)
1313 1405 1367 1444 nec

414 1504 544 1555 tenetur
572 1489 604 1554 in
636 1514 711 1567 uno,
741 1490 889 1577 quoniam
921 1488 980 1551 hoc
1011 1488 1245 1574 imperfectum,
1276 1484 1366 1550 etad

416 1591 590 1657 doctrinam
608 1615 732 1678 parum.
779 1590 829 1654 Sic
845 1590 942 1674 etqui
958 1589 1070 1652 definit
1084 1588 1199 1652 animal
1213 1611 1281 1651 esse
1296 1589 1367 1651 aula

415 1696 563 1757 stantiam
587 1694 771 1768 animatam,
787 1704 884 1776 atque
909 1688 1096 1757 sensibilem.
1115 1711 1177 1750 non
1203 1711 1300 1751 unum
1317 1687 1369 1749 ali-

419 1791 510 1878 quid,
522 1817 579 1858 nec
591 1794 824 1880 imperfectum,
834 1814 891 1855 uec
901 1813 1005 1854 omme
1020 1789 1142 1864 definit,
1155 1812 1193 1852 ne
1207 1789 1327 1853 laboret
1339 1788 1368 1850 iu

418 1895 589 1959 infinitum.
636 1895 805 1978 Singulum
835 1893 918 1955 enim
949 1892 1063 1955 horum
1094 1911 1156 1954 non
1188 1891 1369 1977 simpliciter

416 1994 496 2080 quid
512 1994 680 2078 significat,
693 2007 749 2056 aut
766 1992 888 2065 definit,
905 1991 960 2056 sed
972 1992 1080 2077 potius
1094 1990 1293 2077 qualequid,
1309 2011 1369 2054 uon

415 2095 497 2157 enim
514 2093 700 2179 simpliciter
716 2093 788 2168 hoc,
801 2091 855 2154 sed
869 2091 977 2174 potius
988 2091 1066 2176 quid
1078 2093 1153 2156 tale.
1201 2091 1310 2154 Simile
1324 2105 1368 2155 eat

418 2194 505 2280 quod
538 2194 681 2257 Galenus
709 2195 741 2257 in
772 2192 859 2277 τέχνῃ
887 2191 1073 2257 medicinam
1104 2197 1182 2258 dicit
1205 2199 1369 2258 scientim

416 2296 1370 2382 ranorum,aegrorum,etneutrorum.Nouinquit,omnium,

416 2398 566 2483 quoniam
590 2398 650 2461 hoc
672 2397 853 2460 infinitum:
880 2416 941 2459 non
973 2396 1188 2481 quorundam,
1219 2400 1368 2484 quoniam

421 2499 481 2564 hoc
491 2501 531 2564 ad
544 2498 887 2584 artemimperfectum,
898 2498 951 2562 sed
960 2502 1205 2584 potiusquorum
1214 2504 1368 2584 qualium

345 2630 348 2634 ·
421 2601 503 2666 ltem
535 2600 742 2666 Aristotelea:
776 2601 914 2676 Genera,
937 2600 1052 2685 iuquit,
1076 2615 1109 2666 et
1138 2604 1269 2688 species,
1290 2604 1371 2667 circa

419 2706 642 2778 substantiam,
657 2703 846 2790 qualitatem
868 2702 1095 2767 determinant:
1120 2707 1283 2769 nonenim
1300 2708 1370 2770 sim·

416 2806 540 2892 pliciter
554 2808 645 2891 quid,
668 2805 722 2868 sed
739 2807 879 2891 quodam
904 2804 998 2867 modo
1013 2809 1110 2888 quate
1131 2810 1212 2889 quid
1226 2806 1371 2871 determi-

350 2916 357 2931 ⁸
417 2925 506 2975 naut.
555 2915 632 2974 ltem
657 2908 687 2971 in
713 2907 883 2971 Elenchis:
908 2906 1004 2970 homo
1025 2923 1057 2973 et
1079 2931 1172 2972 omue
1194 2933 1370 2985 commune,

416 3035 479 3076 non
495 3015 551 3075 lroc
565 3012 702 3093 aliquid,
718 3012 774 3072 aed
786 3012 882 3091 quola
897 3011 983 3091 quid,
999 3010 1046 3073 vel
1066 3013 1109 3073 ad
1129 3015 1256 3094 aliquid
1270 3016 1371 3095 atiquo

416 3117 516 3192 modo,
533 3113 582 3176 vel
597 3113 780 3193 hujusmodi
794 3110 872 3195 quid
890 3107 1056 3192 significat.
1095 3115 1140 3175 Et
1156 3129 1230 3198 post
1246 3136 1368 3201 pauca:

417 3216 622 3278 manifestum
648 3213 800 3300 quoniam
822 3235 883 3275 non
905 3211 1046 3275 dandum
1069 3217 1126 3276 lroc
1147 3218 1368 3297 aliquidem,

417 3313 1368 3404 quodcommuniterpraedicaturdeomnibus,aedautquale‚

417 3429 474 3481 ant
490 3415 531 3478 ad
546 3414 680 3499 aliquid,
694 3429 754 3488 aut
767 3429 936 3500 quantum,
947 3429 1003 3479 aut
1018 3415 1130 3480 talium
1148 3418 1241 3503 quid,
1252 3419 1370 3506 signifi·

417 3539 498 3580 care.
530 3516 676 3580 Profecto
692 3515 779 3599 quod
793 3539 854 3578 noo
866 3531 913 3580 eat
928 3520 985 3581 lroc
994 3522 1129 3601 aliquid,
1142 3520 1369 3605 significatione

417 3640 565 3704 expressa
579 3639 641 3698 non
657 3630 762 3702 potest
782 3623 945 3703 explanari
962 3621 1040 3706 quid
1055 3620 1107 3686 ait.
1152 3624 1367 3690 Existentium

418 3719 499 3784 enim
522 3742 541 3782 a
562 3731 676 3782 natura
694 3733 802 3782 certus
823 3734 870 3785 est
887 3721 969 3804 finis,
983 3737 1014 3788 et
1036 3725 1162 3809 singula
1182 3727 1250 3790 suis
1269 3728 1311 3791 ab
1325 3727 1368 3790 in·

418 3824 515 3886 vicem
531 3820 782 3907 proprietatibus
797 3822 932 3894 discreta
947 3839 1034 3902 sunt,
1051 3827 1106 3890 sed
1123 3829 1308 3892 eorumdem
1324 3841 1368 3892 est

418 3923 608 4008 plerumque
638 3923 743 3988 minus
773 3924 861 3989 finita
891 3929 1043 4012 cognitio,
1070 3943 1102 3993 et
1133 3929 1368 4015 quodammodo

417 4024 580 4111 conceptio
603 4047 693 4109 vaga.
739 4029 809 4090 Nec
830 4027 899 4091 istis
919 4030 1120 4115 praejudicat,
1139 4033 1227 4116 quod
1250 4034 1318 4097 fere
1338 4033 1367 4096 iu

417 4128 558 4192 omnium
575 4151 629 4191 orc
644 4127 767 4192 celebre
782 4143 840 4205 est,
856 4130 943 4194 aliud
956 4132 1073 4196 scilicet
1085 4135 1250 4220 essequod
1263 4135 1368 4222 appel·

417 4231 514 4296 latita
525 4230 714 4317 significant,
725 4245 758 4296 et
773 4232 938 4295 aliudesse
954 4235 1040 4319 quod
1055 4237 1229 4302 nominant.
1263 4237 1370 4303 Nomi·

417 4346 534 4397 nantur
546 4333 729 4418 singularia,
740 4332 794 4395 aed
809 4333 996 4399 universalia
1011 4337 1242 4420 significantur.
1274 4342 1368 4405 Plane

419 4434 443 4494 si
474 4434 657 4498 relationem
694 4433 879 4519 simplicem,
911 4460 982 4521 quae
1012 4439 1048 4503 fit
1078 4441 1110 4503 in
1141 4461 1270 4525 genere,
1298 4442 1369 4529 quis
