2992 5592
170 818 254 866 sacr.
271 799 311 882 r.]
490 817 531 861 ns
547 816 678 861 snrrnu
693 815 862 862 susannis.
1057 800 1117 860 211

170 971 300 1036 veniunt
327 982 360 1033 et
387 967 428 1032 ad
455 967 665 1054 cognitionem
692 981 914 1054 seexponunt.
961 966 1021 1032 Sed
1038 990 1120 1054 quo·

168 1071 248 1136 niam
273 1069 418 1146 subtilia,
441 1067 580 1132 difficilia
605 1083 636 1133 et
659 1069 761 1133 ardua
783 1083 869 1147 sunt,
895 1083 1045 1157 tanquam
1069 1069 1117 1132 in·

167 1173 352 1240 scrutabilia
374 1172 440 1235 t‘ere
468 1193 577 1235 omnes
605 1169 866 1257 praetermittunt.
913 1175 994 1238 Haec
1015 1174 1119 1258 prima

166 1299 270 1341 rerum
287 1273 457 1363 principia,
470 1271 503 1337 id
524 1285 571 1338 est
594 1295 702 1337 rerum
718 1296 823 1337 causae
844 1273 977 1339 latentes
997 1288 1029 1340 et
1043 1298 1119 1359 cog·

165 1379 301 1444 sitiones
314 1377 478 1442 dicuntur.
524 1377 574 1440 De
589 1375 708 1461 quibus
724 1375 877 1464 praeclara
893 1374 1117 1441 Chaldaeorum

165 1493 290 1546 tautum
307 1476 480 1565 scriptaad
497 1477 646 1563 majorem
665 1477 807 1542 veritatis
821 1477 1012 1541 evidentiam
1034 1499 1120 1541 scru-

166 1595 285 1648 tantur.
331 1579 403 1645 Alia
415 1578 645 1665 veroquoedam
662 1578 771 1643 divina
782 1593 847 1644 tarn
864 1577 1036 1666 profunda,
1052 1592 1117 1642 tam

164 1683 301 1759 occulta,
317 1698 381 1748 tam
396 1680 507 1745 intima
522 1695 554 1745 et
567 1681 697 1745 omnino
711 1680 963 1767 impenetrabilia
978 1693 1065 1756 sunt,
1081 1693 1118 1744 ut

166 1785 254 1852 nulla
269 1783 391 1850 ratione
414 1788 561 1860 scrutari,
586 1783 674 1848 nullo
690 1782 853 1848 intellectu
875 1783 1008 1870 percipi,
1030 1782 1120 1846 nulls

165 1886 320 1975 sapientia
335 1885 519 1971 investigari
539 1885 670 1971 possint.
709 1885 807 1950 Unde
831 1885 1006 1972 Apostolus
1021 1884 1117 1962 Qnod

167 2003 278 2055 notum
304 1988 365 2052 Dei
388 2002 420 2053 et
435 1988 638 2052 manifestum
664 2002 711 2054 est
735 1986 862 2053 inillis.
909 1990 1016 2067 Quum
1040 1987 1118 2052 dicit

168 2091 253 2177 quod
269 2104 382 2156 notum
399 2090 459 2153 Dei
477 2102 538 2166 est,
554 2089 650 2155 idest
666 2090 817 2155 noscibile
834 2092 873 2156 de
885 2094 965 2172 Deo,
981 2089 1118 2155 ostendit

169 2194 261 2280 plane
286 2217 326 2259 ex
353 2191 402 2258 his
428 2216 501 2279 quse
529 2192 593 2258 Dei
617 2206 691 2258 sunt
715 2209 747 2259 et
763 2194 794 2258 in
821 2198 891 2259 Deo
914 2192 1036 2279 aliquid
1053 2217 1120 2259 esse

170 2296 383 2376 manifestum,
413 2290 535 2382 aliquid
566 2296 737 2361 occultum.
798 2297 860 2362 Sed
895 2296 982 2382 quod
1021 2297 1121 2361 mani·

169 2399 285 2464 festum
301 2412 358 2473 est,
375 2420 431 2484 per
447 2398 592 2462 scientias
615 2421 705 2485 posse
725 2399 875 2485 contingi.
921 2399 1014 2479 Quod
1031 2423 1121 2486 pror-

170 2523 223 2567 sus
247 2500 467 2566 absconditum
494 2514 554 2576 est,
577 2499 665 2564 nulla
694 2501 816 2566 ratione
838 2525 929 2587 posse
951 2502 1121 2589 penetrari.

170 2606 213 2669 Et
228 2602 297 2668 baec
312 2615 384 2668 sunt
401 2616 520 2669 secreta
541 2600 607 2684 illa,
621 2626 697 2690 quae
717 2626 779 2667 nou
795 2605 869 2667 licet
886 2604 1005 2667 homini
1021 2603 1121 2689 loqui.

172 2704 319 2780 Proinde,
344 2718 379 2770 ut
403 2705 433 2771 in
458 2705 614 2791 Apostolo
635 2706 799 2783 scribitur,
822 2705 1015 2790 Sapientiam
1038 2706 1122 2770 inter

169 2807 325 2894 periectos
356 2808 527 2894 loquimur.
579 2808 743 2894 Sapientia
774 2829 911 2893 namque
942 2805 1058 2886 Pallas,
1087 2805 1121 2869 id

169 2922 215 2974 est
240 2932 321 2974 nora
336 2909 466 2985 dicitur,
480 2910 559 2996 quia
588 2909 740 2974 scandens
766 2908 806 2973 ad
835 2931 903 2973 eam
934 2909 1121 2973 minoratur.

172 3011 318 3077 Minerva
332 3011 383 3075 vel
400 3013 540 3085 Athena,
558 3012 655 3076 idest
674 3011 871 3088 immortalis,
888 3024 1029 3085 vocatur,
1044 3010 1123 3096 quia

171 3114 268 3180 verbo
298 3129 331 3180 et
368 3137 464 3200 opere
500 3137 568 3178 eam
602 3135 739 3199 sequens
774 3113 814 3177 ad
852 3111 1122 3178 immortalitatem

171 3216 305 3303 rapitur.
354 3219 433 3282 Haec
463 3216 564 3302 igitur
593 3215 748 3296 Tritonia,
772 3215 803 3279 id
835 3228 882 3280 est
909 3216 992 3280 trina
1021 3216 1122 3289 notio,

170 3332 386 3405 nuncupatur,
409 3318 486 3404 quia
508 3319 647 3383 humano
662 3317 768 3383 animo
790 3318 942 3404 sapientia
963 3316 1123 3382 illustrato

170 3420 376 3506 engerimion,
391 3420 426 3486 id
441 3430 489 3485 est
503 3419 691 3485 surrationis
706 3419 786 3484 liber
798 3420 951 3507 aperitur,
961 3420 994 3484 in
1005 3419 1122 3506 quoab

171 3521 317 3587 humanis
331 3521 372 3586 ad
395 3522 504 3587 divina
527 3544 656 3606 surgere
679 3537 799 3607 septem
812 3523 950 3609 septenis
964 3521 1123 3599 eruditur,

170 3636 201 3688 et
225 3625 266 3689 ad
294 3626 421 3704 trinam,
448 3627 597 3690 humanae
622 3624 741 3689 scilicet
757 3637 894 3705 naturoe,
918 3623 1068 3712 angelicae
1091 3636 1124 3688 et

170 3722 300 3802 divinae,
313 3725 471 3790 notionem
482 3725 650 3790 ascendere
659 3725 832 3812 perfectius
844 3726 1023 3792 instruitur.
1048 3728 1125 3812 Sep·

173 3840 237 3894 tem
275 3841 349 3893 sunt
379 3828 465 3893 modi
495 3827 607 3915 prirnae
636 3840 787 3913 septenae,
818 3829 938 3915 quibus
967 3830 1127 3893 humanus

172 3929 337 3995 unimusiu
350 3929 523 4016 perfectam
534 3929 976 3997 eruditionemintrodueitur.
999 3931 1127 3997 Primus

172 4028 287 4094 modus
301 4043 361 4108 est,
375 4029 517 4094 omniurn
532 4030 648 4095 artium
665 4029 842 4094 doctrinam
858 4030 950 4109 velle,
970 4029 1129 4096 secundus

172 4143 221 4196 est
242 4130 392 4197 delectari
417 4130 505 4216 quod
529 4131 626 4197 velis:
652 4131 767 4196 tertius
785 4131 903 4196 instare
917 4133 959 4197 ad
981 4132 1016 4196 id
1037 4131 1125 4218 quod

173 4230 329 4296 delectat:
361 4246 510 4318 quartus,
539 4234 704 4321 concipere
735 4231 823 4318 quod
846 4232 957 4297 instat:
981 4231 1127 4318 quintus,

175 4331 442 4418 memorarequod
453 4333 603 4419 concipit,
611 4333 868 4399 sextusinvenire
877 4333 999 4421 aliquid
1011 4333 1126 4400 simile:

175 4434 333 4520 septimus
346 4456 388 4499 ex
403 4432 453 4495 his
468 4434 616 4500 omnibus
628 4452 820 4521 extorquere
836 4437 923 4522 quod
939 4451 986 4503 est
1003 4435 1092 4503 utile.

607 4557 626 4600 r
637 4539 659 4599 2
