2992 5592
389 798 451 858 174
625 809 762 854 rotimus
777 807 1056 855 sanasamurrsrs
1198 792 1285 874 [tra.
1301 811 1340 858 rr.

385 976 501 1029 natura
515 962 637 1049 optima
649 983 764 1048 parens
774 958 929 1037 omnium,
941 960 1105 1026 universos
1116 985 1229 1027 sensus
1240 962 1344 1028 locans

384 1065 418 1130 in
438 1064 552 1151 capite,
571 1063 658 1129 velut
679 1061 840 1149 quendum
865 1060 1018 1126 Senatum
1042 1061 1074 1126 in
1095 1063 1261 1149 Capitolio
1278 1065 1341 1129 ani·

384 1186 457 1241 tnae,
472 1164 625 1229 rationem
641 1161 734 1249 quasi
754 1160 915 1225 dominam
937 1161 969 1224 iu
990 1184 1062 1225 arce
1083 1163 1200 1251 capitis
1215 1165 1339 1230 statuit:

383 1266 521 1331 mediam
536 1264 667 1353 quidem
683 1263 791 1328 aedem
808 1263 952 1328 tribuens
966 1263 1048 1329 inter
1063 1263 1176 1330 cellam
1191 1268 1339 1353 phantas-

383 1369 478 1433 ticam
494 1380 527 1433 et
541 1366 737 1442 memorium,
755 1378 791 1429 ut
814 1364 902 1430 velut
923 1378 957 1430 et
978 1365 1107 1451 apecula
1130 1391 1294 1444 sensuum,
1309 1383 1338 1433 et

384 1469 659 1555 imaginationum,
688 1466 788 1554 possit
817 1466 999 1531 examinare
1023 1467 1159 1555 judicia.
1204 1471 1340 1536 Proinde

383 1572 529 1658 quidem,
560 1573 636 1659 quia
665 1570 734 1635 haec
763 1571 832 1656 ipsa
862 1570 921 1646 vis,
950 1572 1010 1635 etsi
1039 1570 1150 1637 divina
1167 1572 1221 1650 sit,
1246 1576 1337 1661 quasi

382 1674 524 1760 quodam
535 1695 683 1740 sensuum
700 1687 732 1737 et
747 1671 1010 1757 imaginationum
1024 1673 1204 1740 ventilabro
1218 1678 1336 1742 excita·

382 1791 451 1861 tur,
464 1793 496 1843 et
512 1778 590 1863 quia
603 1775 776 1864 prudentia
795 1775 836 1840 ad
859 1775 1134 1861 investigationem
1160 1778 1240 1856 veri,
1256 1801 1340 1865 qun·

383 1880 428 1945 rit
450 1880 582 1946 rationis
604 1879 760 1942 sincerum
784 1898 928 1953 examen,
951 1890 983 1941 et
1008 1877 1216 1964 philologiam
1243 1881 1338 1967 parit,

382 2000 481 2066 quam
503 1981 577 2044 duae
599 1979 798 2066 pedissequae
820 1978 986 2066 periergia,
1001 1995 1034 2045 et
1048 1979 1199 2069 ὂγςνινία,
1209 1983 1336 2067 jugiter

374 2096 635 2168 prosequuntur.
695 2084 758 2145 Eat
779 2094 886 2145 autem
916 2081 1073 2168 periergia
1099 2104 1173 2170 quae
1194 2082 1336 2147 laborem

382 2182 496 2248 circuit
512 2182 627 2268 operis,
643 2180 799 2267 ἀγρυπνία,
815 2182 951 2267 vigilans
965 2183 1142 2270 diligentia,
1155 2207 1231 2270 qua
1246 2207 1338 2248 exer·

382 2284 493 2350 citium
510 2296 678 2370 temperat,
694 2284 828 2369 nequid
845 2284 949 2349 nimis.
995 2286 1094 2349 Amor
1108 2283 1193 2350 enim
1209 2286 1337 2351 ociosus

382 2409 445 2452 oon
460 2398 518 2452 est.
553 2385 663 2452 Habet
673 2385 757 2450 enim
771 2400 927 2451 terrenam
943 2406 976 2451 et
985 2387 1151 2452 mortalem
1163 2389 1339 2476 philologia

381 2488 536 2574 originem
551 2513 558 2553 :
583 2487 639 2552 sed
654 2509 756 2574 quum
779 2487 821 2551 ad
837 2486 946 2551 divina
961 2489 1086 2568 transit,
1101 2489 1339 2556 immortalitate

381 2590 521 2678 quadam
542 2590 720 2655 deificatur.
765 2588 853 2665 Quia
874 2612 977 2677 quum
1000 2589 1186 2676 prudentia,
1199 2615 1276 2681 quas
1296 2593 1338 2658 de

382 2693 517 2760 terrenis
530 2708 589 2773 est,
603 2703 637 2756 et
651 2689 782 2755 rationis
803 2712 902 2765 amur,
917 2690 960 2755 ad
975 2690 1171 2776 incorruptas
1185 2693 1338 2771 veritatis,

380 2796 627 2882 divinorumque
648 2816 763 2858 arcana
784 2792 960 2878 consurgit,
983 2796 1015 2859 in
1039 2794 1228 2879 sapientiam
1252 2811 1337 2861 tran·

380 2900 477 2980 aiens,
493 2896 730 2987 quodammodo
744 2919 765 2960 a
779 2897 960 2962 mortalium
981 2894 1164 2961 conditione
1177 2899 1336 2966 eximitur.

410 3091 490 3177 Cap.
510 3095 559 3154 18.
584 3093 635 3155 De
649 3085 833 3170 differentia
849 3087 1264 3162 rationu‚ertnt011oetas:
1285 3097 1315 3153 et

708 3192 789 3273 qaid
803 3191 995 3253 intellectus.

427 3327 501 3403 Qua
516 3348 592 3390 vero
606 3324 811 3412 proportione
826 3323 908 3388 ratio
922 3322 1119 3389 transcendit
1135 3342 1276 3404 sensum,
1289 3347 1338 3405 ea,

379 3426 464 3491 aient
486 3427 579 3492 Plato
601 3428 632 3491 in
656 3426 774 3492 Politia
794 3439 906 3491 auctor
927 3438 987 3502 est,
1009 3426 1136 3491 excedit
1157 3425 1337 3493 intellectus

381 3527 547 3594 rationem.
594 3527 678 3592 Nam
708 3527 890 3595 intellectus
917 3529 1111 3616 namquitur‚
1143 3528 1231 3617 quod
1256 3529 1338 3594 ratio

379 3628 570 3714 investigat:
599 3628 757 3715 siqnidem
780 3630 813 3695 in
829 3630 952 3696 labores
974 3630 1109 3697 rationis
1123 3630 1224 3696 intrat
1243 3632 1337 3696 intel·

379 3728 493 3808 lectus,
515 3742 547 3795 et
569 3731 630 3795 sibi
653 3732 694 3796 ad
717 3733 902 3820 sapientiam
920 3733 1127 3814 thesaurizat,
1148 3733 1239 3820 quod
1254 3733 1337 3800 ratio

378 3853 561 3921 praeparans
574 3830 759 3918 adquisivit.
786 3836 850 3900 Est
862 3834 963 3919 igitur
976 3835 1171 3916 intellectus,
1186 3858 1337 3925 suprema

379 3936 429 4002 ris
458 3932 632 4021 spiritualis
660 3947 796 4017 natura,
825 3959 900 4024 quse
931 3938 1070 4003 humana
1099 3939 1276 4020 continens,
1304 3951 1337 4005 et

374 4036 501 4104 divinas
528 4059 626 4124 penes
652 4058 686 4102 se
714 4059 825 4102 causas
854 4039 952 4105 habet
985 4043 1129 4105 omnium
1160 4041 1334 4117 rationum,

377 4139 565 4208 naturaliter
587 4138 648 4205 sibi
667 4140 936 4226 perceptibilium.
985 4143 1068 4208 Sunt
1091 4142 1175 4206 enim
1191 4163 1268 4227 quae
1281 4164 1336 4206 ex-

378 4257 513 4332 uperant
535 4264 659 4308 omnem
681 4263 821 4323 sensum,
844 4258 909 4309 tam
926 4243 1104 4322 hominnm,
1127 4265 1227 4331 qnam
1240 4265 1336 4329 ange·

377 4346 495 4429 lorum,
516 4346 633 4411 divinae
654 4344 800 4412 rationes.
846 4347 889 4410 Et
910 4344 1073 4410 nonnullo
1094 4345 1165 4410 aliis
1181 4346 1257 4433 plns
1278 4358 1335 4410 aut

377 4450 495 4527 minus,
513 4471 571 4534 pro
582 4446 699 4516 dirinae
711 4447 955 4535 dispensationis
965 4447 1105 4529 decreto,
1116 4450 1333 4514 innotescunt.
