2992 5592
395 779 437 836 42
649 793 788 836 rennuis
804 793 1078 838 saassuuarunsrs
1231 778 1312 856 [mu.
1328 801 1348 843 1.

396 940 510 1006 babilis
532 955 597 1005 est:
630 945 719 1005 homo
740 950 787 1006 est
808 944 911 1018 altus,
933 945 1002 1007 haec
1024 942 1155 1029 quidem
1177 947 1345 1033 possibilis,

394 1041 494 1106 dubia
509 1056 625 1119 tamen,
641 1041 781 1129 eoquod
796 1067 889 1130 aeque
910 1066 984 1107 vera
998 1058 1101 1129 potest
1118 1070 1185 1111 esse
1201 1062 1234 1113 et
1249 1048 1344 1114 falsa:

394 1147 482 1208 tomo
503 1152 550 1208 ert
571 1146 731 1222 rudibilis,
755 1146 823 1209 haec
846 1144 975 1231 quidem
998 1144 1204 1231 impossibilis
1226 1162 1285 1222 est,
1309 1165 1343 1215 ut

394 1245 523 1309 omnino
538 1268 613 1309 vera
627 1269 692 1310 esse
709 1269 771 1309 non
788 1246 897 1331 possit.

439 1345 568 1409 Nullam
579 1346 710 1411 istarum
719 1347 947 1432 grammaticus
955 1347 1120 1411 abhorret:
1137 1349 1215 1434 quia
1225 1350 1344 1436 ubique

392 1448 513 1511 invenit
540 1449 640 1534 legem
668 1471 768 1513 suam.
824 1445 912 1510 Nihil
939 1447 1073 1511 istorum
1099 1449 1243 1535 corrigit,
1268 1452 1343 1517 nibil

393 1548 560 1613 immutat:
584 1563 747 1634 gratanter
761 1548 875 1633 accipit
891 1549 1006 1612 omnia.
1038 1547 1197 1622 Quartam
1213 1553 1343 1637 corripit

393 1665 425 1716 et
441 1652 603 1736 redarguit
619 1652 758 1737 logicus:
786 1652 927 1737 eoquod
947 1652 1007 1715 sibi
1024 1653 1087 1715 veri
1112 1650 1248 1739 falsique
1264 1677 1346 1719 com·

394 1755 489 1817 missa
503 1767 550 1818 est
565 1752 767 1817 examinatio.
810 1754 854 1815 Et
869 1750 911 1814 ob
926 1750 986 1812 hoc
1002 1749 1145 1835 quidem,
1161 1750 1189 1813 ei
1206 1751 1346 1836 praebere

397 1875 518 1929 aurem,
534 1851 623 1918 ducit
642 1849 828 1915 absurdum.
874 1847 977 1912 Modo
996 1849 1179 1934 praemissis,
1203 1850 1347 1936 quintam

397 1953 511 2038 adjice,
535 1959 625 2017 homo
646 1954 842 2033 careyortcus
863 1958 931 2021 est,·
963 1950 1044 2013 hanc
1072 1951 1186 2037 utique
1208 1950 1350 2016 absurdi·

394 2057 470 2119 tatis
490 2053 622 2118 damnat
643 2051 888 2137 grammaticus:
920 2052 978 2138 qui
1000 2074 1063 2116 non
1084 2053 1179 2116 modo
1202 2054 1344 2133 dubiam,

393 2177 456 2219 non
472 2154 566 2218 modo
580 2153 702 2226 salsam,
715 2153 772 2217 sed
787 2152 882 2217 etiam
897 2153 1127 2238 impossibilem
1143 2155 1342 2220 admittebat.

396 2257 515 2333 Quare,
539 2253 667 2340 inquit?
698 2254 758 2318 nisi
781 2254 858 2340 quia
885 2276 947 2317 uon
970 2255 1115 2341 sequitur
1145 2255 1230 2341 leges
1253 2279 1343 2322 suas:

394 2368 551 2442 perpetuo
573 2355 657 2418 enim
678 2353 805 2419 dicebat
817 2354 1002 2430 inhibitum,
1017 2356 1086 2422 haec
1108 2356 1269 2442 adjectiva
1283 2360 1344 2425 iuis

396 2456 541 2541 copulari
560 2455 724 2541 subjectis.

396 2647 475 2732 Cap.
497 2652 542 2710 16.
569 2645 662 2720 Quod
688 2644 847 2725 affectiva
869 2645 994 2724 primoe
1020 2645 1249 2725 impositiones,
1273 2647 1344 2710 aab·

627 2746 779 2808 stantivr‘a
786 2746 910 2824 primis
916 2746 1112 2828 junqurrtur.

438 2868 513 2928 Non
529 2876 635 2926 autem
649 2860 717 2923 vice
729 2882 829 2939 versa,
839 2859 993 2947 adjectiva
1004 2861 1116 2946 primae
1128 2862 1346 2948 impositionis,

392 2966 540 3031 secundae
568 2960 778 3026 institutionis
804 2961 985 3027 nominibus
1010 2963 1116 3050 adjici,
1140 2964 1343 3050 impossibile,

392 3083 450 3135 aut
472 3069 701 3152 inconsequens
718 3077 776 3129 est.
831 3065 957 3130 Natura
978 3066 1061 3129 enim
1084 3066 1213 3152 copiosa
1234 3083 1293 3145 est,
1315 3082 1346 3133 et

392 3169 549 3235 ubertatis
581 3189 648 3231 suae
680 3165 818 3250 gratiam
852 3165 1001 3229 humanae
1033 3165 1223 3250 indigentiae
1259 3169 1346 3234 facit.

392 3273 475 3336 Inde
496 3294 573 3354 ergo
599 3283 658 3348 est,
678 3268 766 3352 quod
790 3268 968 3355 proprietas
997 3290 1099 3333 rerum
1127 3269 1288 3334 redundat
1315 3271 1347 3336 iu

391 3395 493 3447 voces,
513 3370 592 3433 dum
612 3367 693 3433 ratio
714 3368 842 3433 affectat
865 3392 1023 3433 sermones
1045 3369 1150 3444 rebus,
1167 3371 1207 3434 de
1229 3372 1348 3458 quibus

389 3470 545 3555 loquitur,
568 3489 635 3531 esse
657 3480 817 3549 cognatos.
863 3468 994 3532 Dicitur
1018 3492 1095 3555 ergo
1117 3468 1220 3534 durus
1245 3494 1347 3535 sermo

390 3589 447 3636 aut
463 3567 585 3633 mollis:
611 3566 744 3631 verbum
760 3589 919 3653 asperum,
932 3583 989 3634 aut
1006 3569 1089 3634 leve:
1114 3594 1228 3635 nomen
1240 3574 1345 3647 dulce,

390 3683 615 3740 automatum:
632 3690 733 3753 quum
750 3665 817 3732 haec
833 3681 937 3734 tamen
951 3671 1079 3757 proprie
1091 3694 1260 3757 corporum
1273 3676 1346 3749 sint,

389 3798 452 3841 nou
481 3793 671 3837 sermonum.
729 3771 940 3837 Inveniuntur
969 3790 1002 3838 et
1031 3773 1170 3859 plurima
1199 3775 1231 3838 in
1262 3777 1346 3841 hunc

389 3877 532 3954 modum,
546 3896 684 3961 quorum
700 3873 780 3939 nihil
796 3875 950 3939 absonum
966 3888 1024 3950 est,
1037 3890 1094 3940 aut
1110 3877 1182 3940 falsi
1198 3882 1347 3962 arguitur

390 3980 478 4067 apud
491 3976 635 4066 judicem
654 3976 746 4041 boum
767 3976 853 4053 fidei,
869 3976 919 4040 vel
939 3976 1137 4044 auditorem:
1168 3977 1244 4043 lieet
1262 3981 1345 4045 euim

389 4083 469 4148 fides
491 4078 653 4145 rationalis
678 4092 833 4143 creaturoe
855 4077 1015 4144 duntaxat
1041 4080 1146 4144 virtus
1167 4081 1220 4159 sit,
1244 4102 1348 4145 sermo

387 4201 492 4252 tamen
515 4183 618 4247 fidelis
638 4180 767 4259 dicitur,
783 4183 923 4265 itemque
944 4180 1181 4259 fraudulentus,
1198 4183 1257 4246 etsi
1281 4203 1342 4247 non

387 4287 419 4351 iu
434 4287 514 4373 ipso,
525 4284 581 4349 sed
596 4283 628 4346 in
645 4282 772 4346 homine
783 4301 849 4344 esse
863 4279 1113 4348 fraudulentiam
1126 4285 1346 4350 convincatur.

390 4385 497 4452 Solent
510 4383 592 4448 enim
603 4378 771 4455 naturalia,
785 4392 821 4444 ut
832 4379 875 4442 sic
884 4379 1030 4458 dixerim,
1041 4385 1205 4449 transferri
1216 4386 1343 4450 nomina
