2992 5592
425 793 503 838 vrri
519 792 635 837 sineri
652 790 806 839 ansatur.
1024 780 1087 841 att

131 951 242 1030 reptas
264 944 445 1009 infirmitate
472 945 527 1008 diu
548 947 731 1028 languerat;
761 956 792 1009 et
813 947 944 1011 omnino
965 968 1031 1031 quo
1053 970 1087 1014 ee

130 1056 265 1112 verteret
285 1049 355 1131 opis
375 1048 475 1128 gratia
493 1048 671 1127 ignorabat.
717 1048 926 1113 Postmodum
949 1071 1023 1113 vero
1046 1051 1087 1114 ad

130 1160 240 1213 notam
255 1150 342 1214 beati
358 1149 502 1213 Anselrni
524 1150 675 1232 pietatem
691 1159 758 1213 tota
779 1173 813 1213 se
834 1154 970 1215 contulit
992 1153 1088 1217 devo-

131 1251 230 1316 tione.
259 1253 397 1316 Ducitur
408 1252 448 1316 ad
464 1254 606 1315 tumbam
622 1252 710 1335 ejus;
733 1265 766 1315 et
779 1255 869 1316 humi
879 1254 970 1317 fusus
985 1266 1087 1320 atten-

130 1353 195 1417 tius
217 1362 298 1430 orat,
320 1364 356 1416 ut
377 1353 515 1416 eeclesia
537 1362 592 1414 aut
616 1373 674 1434 per
695 1354 930 1415 convalentiam
952 1365 1008 1416 aut
1030 1376 1088 1438 per

130 1452 293 1519 interitum
323 1455 426 1539 ipsius
455 1463 690 1517 exoneraretur.
745 1454 949 1517 Desiderium
979 1456 1087 1519 cordis

131 1556 202 1642 ojus
217 1556 340 1621 audivit
351 1556 551 1630 Altissimus;
574 1563 606 1616 et
617 1555 867 1637 quiAnselmum
879 1555 1087 1633 invocaverat,

131 1659 296 1722 restitutus
315 1671 365 1721 est
386 1656 524 1719 sanitati.
570 1655 628 1717 Vir
650 1657 779 1732 nobilis,
801 1657 893 1719 miles
911 1659 1032 1741 probus
1054 1671 1088 1722 et

133 1760 243 1823 multis
257 1771 365 1836 notua,
378 1757 569 1821 Humsridus
584 1758 723 1834 nomine,
737 1759 846 1840 lapsus
861 1758 893 1819 in
909 1759 1087 1842 hydropem

131 1861 174 1925 ab
195 1862 345 1925 omnibus
368 1859 502 1923 medicis
528 1861 569 1921 ob
597 1859 849 1942 desperationem
876 1861 1007 1923 relictus
1029 1873 1088 1926 est.

131 1962 199 2026 Hic
210 1963 396 2025 Anselmum
413 1961 580 2038 dilexerat,
593 1981 653 2023 nec
669 1961 753 2023 elabi
765 1970 888 2044 poterat
904 1983 922 2024 a
936 1963 1087 2027 memoria

131 2062 209 2147 ejus.
263 2063 405 2143 Rogavit
439 2062 547 2143 itaque
582 2061 775 2124 monachum
811 2061 1086 2137 Cantuariensem,

131 2165 336 2248 Haymonern
353 2163 493 2239 nornine,
509 2163 549 2223 ab
566 2162 697 2245 antiquo
719 2163 782 2224 sibi
797 2177 907 2226 notum
925 2165 1029 2227 venire
1045 2164 1087 2229 ad

130 2286 177 2343 se,
191 2276 228 2328 ut
242 2265 291 2329 vel
303 2264 417 2327 animae
433 2284 498 2326 suae
511 2266 738 2326 consuleretur.
768 2263 870 2327 Adest
885 2265 950 2342 ille,
962 2277 994 2328 et
1008 2267 1087 2330 sorte

130 2387 239 2431 aecum
261 2365 349 2428 beati
364 2365 507 2428 Anselmi
531 2365 694 2445 cingulum
711 2364 834 2428 detulit.
879 2367 976 2438 Qrvod
994 2366 1087 2430 deos·

86 2493 91 2501 ·
130 2469 244 2533 colans
255 2467 346 2529 miles
357 2466 520 2548 praemissa
531 2485 626 2546 prece
639 2464 951 2530 sibicircumducere
961 2469 1086 2545 nititur;

129 2566 187 2633 red
198 2567 254 2629 vix
265 2588 331 2649 prae
342 2575 465 2628 tumore
477 2585 511 2626 se
524 2565 708 2644 contingere
720 2577 866 2645 poterant
879 2567 1085 2630 summitates

130 2669 252 2733 Verum
267 2667 346 2729 miro
362 2664 458 2729 modo
474 2665 591 2727 sensim
608 2664 709 2746 eoepit
723 2663 943 2728 detumescere
958 2686 1087 2749 corpus,

130 2781 164 2836 et
183 2770 219 2833 in
241 2768 417 2831 naturalem
441 2764 550 2829 reduci
573 2775 698 2827 statum.
744 2764 840 2836 Quod
866 2766 919 2828 ille
946 2767 1087 2831 sentiens

129 2890 189 2955 per
217 2868 326 2932 omnia
351 2867 493 2929 membra
523 2866 684 2945 cingulum
715 2865 949 2941 circumduxit;
983 2877 1016 2929 et
1044 2866 1086 2931 ad

130 2967 324 3035 sanctissimi
348 2967 538 3030 confessoris
559 2967 686 3028 titulum
708 2965 840 3046 integrae
854 2968 1017 3031 restitutus
1039 2979 1089 3032 est

129 3070 268 3136 sanitati.
313 3067 462 3150 Lugduni
489 3067 577 3149 apud
607 3077 753 3130 sanctum
781 3069 936 3130 lrenaeum
963 3069 1088 3134 inclusa

129 3170 282 3258 quadam
307 3168 480 3233 admodum
506 3168 656 3249 religiosa
685 3189 718 3230 se
750 3167 888 3250 quadam
918 3182 1015 3232 nocte
1044 3170 1086 3233 ad

130 3273 279 3337 thronum
304 3282 468 3354 perpetuae
491 3270 620 3350 virginis
641 3270 721 3332 vidit
742 3268 877 3346 adduci3
908 3271 964 3333 ubi
987 3294 1086 3355 quum

129 3371 270 3458 plurima
280 3368 422 3432 audisset
433 3379 466 3431 et
479 3366 612 3430 vidisset
625 3368 812 3431 admiranda
825 3370 933 3451 patriae
945 3372 1088 3435 coelestie

130 3473 307 3560 preconia3
332 3471 479 3555 quaesirit
490 3470 572 3532 inter
586 3479 714 3547 caetera,
727 3471 878 3554 quidnam
890 3473 1086 3554 sperandum

130 3586 218 3642 meet
252 3574 292 3637 de
323 3575 465 3653 Hugone
499 3573 743 3655 archiepiscopo
774 3573 993 3653 Lugdunensi.
1039 3575 1088 3639 At

131 3675 220 3757 virgo
241 3672 390 3756 genitrix,
411 3673 430 3705 “
444 3672 562 3743 Bene‚’‘
578 3670 692 3753 inquit,
714 3671 733 3703 “
747 3670 824 3742 filia,
850 3674 933 3735 bene
956 3674 1003 3736 illi
1028 3677 1087 3740 erit

131 3773 337 3858 pergratiam
353 3772 444 3834 Dei.‘'
474 3773 519 3834 Et
533 3773 659 3834 inclusa
674 3770 832 3855 subjecit:
857 3775 879 3805 “
890 3775 941 3837 De
956 3774 1086 3839 domino

131 3896 202 3939 meo
213 3875 366 3937 Anselmo
376 3873 599 3935 cantuariensi
612 3872 869 3957 archiepiscopo,
879 3875 1007 3938 domina
1016 3899 1087 3940 mea

131 3975 252 4057 regina,
273 3971 351 4057 quid
372 3973 506 4034 sentiam
515 3967 546 4031 ?“
577 3972 638 4034 Cui
662 3972 811 4035 domina:
839 3976 858 4006 “
871 3977 920 4035 Dc
941 3976 997 4035 illo
1020 3997 1086 4038 cer·

132 4075 253 4139 tissima
270 4086 353 4148 esto,
368 4073 453 4154 quod
474 4073 688 4155 proculdubio
710 4075 743 4134 in
762 4094 879 4151 magna
901 4074 1000 4151 gloria
1023 4076 1084 4136 Dei

132 4175 213 4240 κί’),

175 4278 270 4342 Unus
292 4297 411 4352 eorum,
435 4276 491 4358 qui
513 4275 542 4335 ei
566 4275 668 4337 fuerat
690 4272 862 4349 familiaris,
884 4272 998 4336 eodem
1022 4276 1086 4337 fere

136 4384 276 4460 tempore
297 4376 431 4437 similem
457 4374 535 4436 vidit
555 4375 587 4434 in
612 4375 726 4455 Anglia
749 4372 914 4434 visionem.
961 4375 1085 4437 Patrem

560 4493 580 4533 a
597 4481 651 4536 αἳ

1130 2826 1140 2856 t
