2992 5592
287 814 346 871 146
542 823 675 868 scissis
690 822 966 867 srassusarussrs
1085 809 1166 886 [ιιιι.
1185 829 1232 871 ιιι.

287 990 370 1039 totas
395 974 626 1061 propositiones
651 975 704 1049 sit,
728 987 764 1038 ut
789 972 897 1058 potius
922 974 962 1037 sit
988 974 1128 1037 obnoxia
1153 999 1235 1039 com-

284 1074 422 1160 plexioni
453 1078 600 1160 partium,
626 1096 723 1160 quam
754 1074 901 1160 partibus
929 1075 1115 1159 complexis,
1140 1079 1234 1141 medii

284 1199 384 1240 nexus
398 1189 509 1240 cessat.
557 1175 595 1239 In
610 1175 648 1239 iis
662 1189 782 1251 autem,
797 1197 872 1260 quae
888 1176 1042 1252 terminis,
1057 1191 1114 1240 aut
1131 1180 1236 1242 termi-

284 1299 396 1341 norum
423 1278 580 1363 partibus,
606 1278 669 1339 vim
700 1276 835 1360 urgendi
862 1275 992 1356 habent,
1020 1277 1109 1341 locus
1134 1279 1176 1343 ab
1201 1304 1237 1343 ea

284 1377 471 1442 habitudine
493 1391 550 1457 est,
565 1398 639 1463 quae
662 1390 709 1440 est
728 1377 811 1440 inter
834 1375 878 1453 id,
893 1377 983 1461 quod
1006 1377 1148 1443 demitur
1165 1404 1236 1443 con·

283 1479 427 1555 clusioni,
452 1494 482 1542 et
510 1477 543 1541 id
570 1478 658 1563 quod
685 1477 816 1561 dempto
842 1478 1003 1543 succedit:
1035 1481 1235 1545 succedentia

283 1582 366 1645 enirn
391 1605 410 1644 a
436 1580 689 1666 prrecedentibus
714 1578 956 1643 convincuntur.
1005 1582 1101 1659 Quod
1127 1597 1233 1647 autem

285 1683 456 1768 utrobique
477 1695 581 1745 manet
596 1680 769 1756 immobile,
785 1702 841 1743 nec
862 1681 1026 1765 probantis
1040 1683 1234 1759 dolentiam,

284 1804 340 1845 nec
364 1783 491 1867 probati
513 1783 625 1865 recipit
649 1779 765 1852 fidem,
800 1794 832 1844 et
855 1784 935 1844 sicut
961 1805 981 1844 a
1002 1783 1233 1867 significatione

281 1883 473 1948 contrahunt
497 1881 621 1946 termini
643 1895 678 1944 ut
702 1880 892 1945 universales
915 1881 1065 1947 dicantur
1087 1907 1168 1960 esse,
1186 1885 1232 1948 vel

281 1985 475 2068 singulares:
506 1983 550 2046 sic
572 1996 607 2046 ut
628 2005 709 2046 unus
732 1996 885 2067 sequatur
901 2005 939 2046 ex
962 1983 1074 2065 altero,
1091 1985 1139 2048 rel
1163 2009 1234 2071 pro-

279 2083 422 2169 pulsetur
443 2085 483 2147 ab
503 2083 615 2159 altero,
631 2083 709 2146 facit
728 2084 930 2160 coherentia,
952 2085 999 2148 vel
1020 2093 1234 2170 repugnantia

278 2183 554 2268 significationum.
601 2181 670 2246 Nisi
687 2183 769 2246 enim
788 2206 837 2246 res
852 2184 1035 2269 significata
1050 2185 1112 2249 sibi
1127 2189 1233 2253 coha-

278 2297 377 2362 reant,
392 2297 448 2346 aut
464 2296 656 2366 repugnent,
671 2304 734 2344 non
749 2297 797 2346 est
816 2307 918 2367 quare
933 2284 966 2346 in
981 2284 1124 2349 terminis
1139 2286 1231 2350 fami·

277 2385 395 2448 liaritas
421 2399 477 2447 aut
508 2382 664 2447 hostilitas
691 2388 885 2469 requiratur.
941 2390 1017 2450 Nun
1044 2401 1093 2451 est
1123 2405 1230 2453 autem

274 2484 365 2549 facile
377 2485 408 2547 in
422 2484 555 2569 singulis
567 2506 691 2570 semper
703 2484 879 2570 explorare,
890 2509 986 2570 quam
1000 2488 1113 2552 firmus
1124 2511 1228 2553 reruni

275 2587 316 2651 sit
331 2607 443 2662 nexus,
458 2599 514 2650 aut
538 2598 659 2669 quauta
680 2586 844 2666 dissensio,
859 2601 890 2650 et
906 2588 948 2651 ob
970 2588 1031 2652 hoc
1053 2588 1136 2675 quid
1158 2595 1230 2655 sim·

274 2686 400 2771 pliciter
421 2707 556 2759 necesse,
572 2684 689 2769 quidve
711 2686 811 2771 magis
831 2688 996 2772 probabile
1017 2690 1071 2767 sit,
1092 2691 1230 2755 indicare

276 2788 435 2853 interdum
451 2786 610 2850 difficilius
626 2800 682 2849 est.
719 2787 781 2851 Sed
796 2789 884 2873 quorl
900 2790 1160 2876 frequentissime
1175 2798 1228 2868 sic,

273 2893 433 2973 probabile
447 2892 573 2972 quidem
583 2917 594 2963 ;
627 2888 713 2974 quud
730 2913 893 2976 nunquam
916 2893 1020 2971 aliter,
1037 2898 1140 2978 magis
1160 2922 1229 2983 pro

275 2991 396 3055 babile:
422 2990 508 3075 quod
525 2990 617 3054 aliter
627 3013 693 3053 esse
710 3012 770 3054 ιιοιι
788 3014 881 3076 posse
896 2995 1049 3075 creditur,
1065 2999 1227 3063 necessarii

274 3093 406 3178 suscipit
437 3113 559 3154 nonren.
609 3094 690 3154 Nam
723 3115 819 3174 penes
846 3108 991 3159 naturam
1019 3113 1067 3161 est
1094 3121 1228 3163 necessa·

273 3194 392 3257 riorum
417 3191 678 3278 possibiliumque
699 3193 854 3272 definitio,
874 3195 942 3260 sola
962 3198 1124 3282 siquidem
1148 3202 1226 3264 vires

273 3317 346 3357 suas
371 3293 515 3377 agnovit·
559 3293 699 3357 Adamas
724 3293 780 3358 diu
807 3295 936 3361 habitus
962 3313 1010 3362 est
1038 3300 1225 3377 insecabilis,

272 3395 347 3477 quia
359 3416 414 3456 nec
425 3394 501 3457 ferri
513 3416 570 3456 nec
582 3393 727 3480 chalybis
739 3399 909 3462 verebatur
920 3422 1052 3464 acumen
1064 3428 1072 3465 ε
1099 3404 1223 3468 tandem

271 3513 357 3567 vero,
372 3515 473 3576 quum
496 3491 629 3575 plumbo
644 3509 675 3558 et
692 3497 845 3581 sanguine
868 3500 989 3563 hircino
1004 3517 1115 3568 sectus
1136 3519 1225 3581 esset,

269 3593 375 3677 patuit
391 3595 476 3655 sactu
497 3591 600 3666 facile,
617 3595 705 3677 quod
722 3600 812 3681 prius
834 3600 1029 3685 impossibile
1045 3603 1224 3669 videbatur.

269 3697 359 3777 Ergo
375 3691 487 3756 solitus
503 3716 606 3757 rerum
623 3719 735 3760 cursus
750 3699 922 3786 diligenter
937 3703 1157 3772 advertendus
1170 3721 1225 3787 est,

267 3809 300 3861 et
316 3795 553 3881 quodammodo
568 3801 779 3864 excutiendus
800 3818 923 3868 naturoe
946 3809 1046 3883 sinus,
1065 3824 1102 3875 ut
1123 3833 1224 3875 neces·

266 3900 418 3962 sariorum
435 3900 714 3986 probabiliumque
727 3918 841 3969 natura
852 3907 1020 3973 clarescat:
1047 3912 1129 3976 nihil
1143 3913 1223 3977 enim

266 4014 325 4079 est,
347 3997 434 4084 quod
463 3999 502 4062 nd
531 4001 673 4064 locorum
702 4002 848 4069 notitiam
877 4009 980 4090 magis
1007 4012 1123 4095 prosit,
1147 4013 1223 4078 nihil

266 4103 352 4187 quod
372 4102 513 4166 veritatis
529 4104 674 4167 notitiam
696 4106 832 4189 amplius
847 4110 963 4195 pariat,
981 4113 1062 4177 nihil
1079 4117 1169 4200 quod
1183 4115 1221 4179 ad

265 4203 441 4268 docendum
466 4215 521 4267 aut
545 4204 584 4266 ad
608 4206 861 4287 persuadendum
885 4215 985 4295 magis
1009 4216 1170 4298 proficiat,
1193 4229 1221 4280 et

263 4306 404 4368 omniurn
421 4301 625 4366 dicendorum
642 4321 729 4386 paret
746 4307 938 4373 laudabilem
956 4312 1154 4380 facultatem.
