2992 5592
482 819 554 863 erra
571 818 687 864 saucrr
702 817 857 863 assetur.
1087 803 1149 865 32⁵

200 974 286 1036 tione
311 973 467 1038 Beceeusi
491 995 510 1036 a
532 972 636 1036 valida
658 984 786 1036 curatus
809 983 857 1034 est
884 970 1078 1046 infirmitate,
1100 989 1147 1033 re·

199 1095 326 1157 spersns
347 1095 430 1158 aqua
452 1075 493 1136 ab
508 1076 660 1137 Anselmo
684 1073 862 1157 purificata.
907 1073 982 1134 Hoc
1006 1070 1090 1133 enim
1113 1070 1147 1133 in

197 1176 329 1238 somniis
351 1177 491 1239 monitus
513 1177 624 1250 iuerat,
640 1175 714 1237 dum
731 1176 795 1238 iere
811 1175 843 1236 in
863 1175 936 1236 vitae
951 1173 1042 1236 exitu
1057 1172 1147 1235 labo·

195 1278 294 1339 rabat.
340 1278 397 1340 Vir
411 1278 571 1340 literarum
596 1276 774 1339 eruditione
797 1286 828 1338 et
844 1297 966 1338 morum
980 1275 1146 1339 honestate

194 1379 374 1456 laudabilis,
390 1380 478 1441 Boso
493 1379 636 1457 nomine,
650 1378 700 1440 his
717 1379 813 1441 terme
830 1377 944 1440 diebus
960 1398 1017 1460 per
1031 1376 1144 1439 Ansel·

197 1500 283 1541 mum
303 1480 533 1542 monachorum
560 1491 609 1541 est
632 1479 808 1542 associatus
830 1478 978 1557 collegio.
1023 1476 1090 1540 Sed
1111 1476 1146 1539 in

195 1582 283 1643 brevi
299 1582 381 1645 adso
404 1591 577 1663 temptatus
600 1592 658 1654 est,
682 1591 717 1643 nt
742 1579 990 1660 cogitationibus
1014 1577 1146 1642 distrac-

194 1695 258 1758 ωε,
274 1684 394 1745 nullom
411 1683 541 1744 omnino
556 1681 689 1744 haberet
709 1682 863 1765 requiem.
907 1678 1052 1742 Tandem
1073 1689 1149 1763 post

195 1783 266 1846 dies
281 1785 404 1866 aliquot
418 1784 571 1846 Anselmo
593 1782 670 1866 quid
689 1783 826 1866 patiatur
845 1782 988 1864 exponit.
1035 1784 1077 1844 At
1091 1781 1146 1843 ille

195 1888 250 1967 pio
263 1886 489 1968 compatientis
499 1889 615 1949 affectu
627 1886 734 1948 resert:
752 1886 934 1949 “Consulat
944 1883 1004 1946 tibi
1021 1883 1148 1948 Deust”

194 1999 227 2050 ct
241 1988 361 2051 exinde
377 1988 532 2051 mentium
548 2000 614 2050 tota
628 1988 795 2071 temptatio
817 1986 972 2050 discessit.
1017 1985 1146 2048 Referre

195 2100 273 2173 quot
304 2112 406 2171 aegros
436 2091 602 2165 curaverit,
632 2091 688 2153 sed
719 2091 859 2153 maxime
889 2089 1070 2166 febrientes,
1096 2088 1148 2150 vel

195 2213 308 2254 manns
322 2193 528 2275 impositione
546 2194 592 2254 vel
609 2213 692 2274 aqua
712 2214 862 2254 manuum
881 2193 929 2253 vet
946 2213 1028 2273 pane
1048 2192 1147 2254 bene·

195 2292 294 2369 dicto,
323 2295 509 2376 perlongum
544 2306 600 2356 ost.
658 2295 740 2355 Nam
776 2293 817 2355 ad
847 2291 998 2377 reliquias
1026 2313 1145 2356 mensae

195 2405 382 2475 egrotantes
392 2394 544 2477 plurimos
559 2391 758 2459 convaluisse
775 2397 899 2458 celebre
912 2405 961 2457 est
976 2406 1009 2458 et
1024 2416 1143 2458 verum.

195 2698 273 2781 Cap.
291 2706 320 2761 7.
358 2701 410 2761 De
430 2701 568 2780 glorioso
589 2720 663 2781 rege
691 2698 847 2763 lVr'llelmo
871 2701 997 2779 primo:
1022 2700 1144 2763 decedit

236 2799 275 2859 ab
289 2801 346 2862 leoe
367 2801 492 2863 seculo:
515 2804 664 2862 successit
685 2804 716 2863 ei
731 2804 767 2862 in
788 2820 898 2879 repom
922 2802 1046 2878 Anglioe
1069 2799 1145 2864 Wil-

235 2902 350 2963 lelmus
360 2903 470 2982 Rufus
473 2900 576 2980 filius
587 2906 667 2981 reyes,
678 2904 730 2963 uir
737 2920 859 2982 porum
863 2902 977 2978 justus
985 2910 1044 2962 out
1053 2904 1143 2983 pius.

234 2998 406 3062 Anselmus
413 3000 541 3080 scripsit
557 3001 672 3062 librum
688 3001 727 3062 de
745 2998 983 3062 Incornotione
1005 3002 1092 3063 Verbi
1107 3006 1143 3067 in

237 3099 370 3179 Auglio.

235 3304 445 3366 Dncnnun'rn
461 3306 598 3385 glorioso
609 3326 680 3386 rege
697 3306 871 3378 Willelmo,
888 3307 1043 3371 successit
1059 3308 1143 3372 filius

190 3425 266 3466 suus
278 3405 472 3482 Willelmus,
482 3406 536 3487 qui
550 3404 654 3467 Rufus
669 3407 913 3486 cognominatus
927 3418 990 3481 est3
1013 3406 1059 3469 vir
1076 3406 1144 3492 qui-

190 3504 264 3568 dem
280 3505 375 3568 annis
390 3517 550 3582 strenuus,
566 3506 623 3567 sed
641 3528 752 3589 parum
763 3507 872 3590 justus
888 3517 943 3570 aut
957 3509 1049 3592 pius;
1068 3531 1141 3593 pro·

189 3604 284 3686 digus
299 3607 360 3681 sui,
375 3617 530 3689 appetens
546 3608 654 3684 alieni,
674 3608 805 3670 ferarum
823 3610 1067 3685 amantissimus,
1084 3613 1141 3677 sed

189 3706 483 3787 negligentissimus
494 3707 680 3785 animarum,
697 3709 800 3770 fautor
816 3708 938 3772 militiae
953 3722 985 3774 et
999 3712 1142 3788 malitia,

189 3808 245 3871 sed
258 3807 405 3871 ecclesiae
421 3819 453 3870 et
465 3809 656 3871 innocentiae
669 3811 963 3876 vehementissimus
975 3835 1143 3898 oppugna·

188 3922 247 3984 tor,
263 3910 436 3992 voluptatis
451 3922 590 3973 sectator
604 3913 792 3974 acerrimus:
816 3927 927 3997 utpote
943 3916 975 3976 in
992 3936 1057 3996 quo
1073 3916 1142 3979 sine

188 4010 284 4073 modo
299 4021 332 4072 ot
347 4032 493 4074 mensura
504 4012 655 4093 vigebant
666 4015 784 4096 pariter
798 4036 887 4077 amor
897 4013 1007 4076 mundi
1019 4024 1051 4076 et
1063 4036 1140 4077 con·

188 4124 326 4193 temptus
339 4114 410 4175 Dei.
457 4114 553 4185 erod
566 4137 639 4178 vero
651 4117 791 4178 maxime
804 4115 982 4196 principem
994 4112 1139 4191 dedecet,

188 4214 307 4276 nullom
320 4217 463 4297 corporis
478 4219 684 4278 reverentiam
701 4217 836 4290 habens,
852 4214 938 4275 omni
953 4234 988 4274 sc
1003 4213 1139 4280 immun·

187 4313 264 4377 ditia
274 4314 474 4398 deturpabat.
522 4315 596 4378 Non
609 4318 710 4378 solum
723 4316 859 4389 nobiles,
869 4311 926 4374 sed
939 4313 1033 4375 etiam
1046 4316 1140 4398 plebs

186 4416 259 4479 licet
272 4417 390 4480 afflicta
408 4428 565 4499 quatenus
580 4430 715 4498 poterat,
732 4430 767 4478 ut
782 4414 849 4478 fieri
864 4415 953 4491 solet,
963 4414 1138 4499 principem
