2992 5592
275 795 335 859 rm
507 810 643 856 roasurs
659 808 939 856 sinasnnnrussrs
1080 792 1165 872 [ara.
1182 812 1229 857 111.

273 962 531 1048 aequivocationis
554 962 742 1047 impostura,
767 960 823 1024 sed
848 960 991 1025 omnium
1014 984 1090 1048 quae
1112 960 1231 1027 incerta

269 1079 343 1131 suut
356 1064 509 1148 fugienda
520 1062 718 1128 obscuritas:
742 1062 889 1148 quoniam
901 1063 1033 1128 evidens
1044 1088 1114 1130 esse
1124 1065 1229 1141 debet,

271 1188 346 1252 quae
367 1165 514 1230 redditur
536 1179 573 1230 ut
597 1165 686 1229 aliud
708 1167 895 1230 innotescat.
943 1167 1033 1251 Ergo
1048 1182 1080 1232 et
1102 1167 1230 1231 transla-

271 1272 373 1333 tiones
382 1267 590 1343 deolinandae,
597 1282 629 1331 et
636 1289 782 1353 quaecum
787 1290 848 1353 qne
859 1268 987 1353 proprie
997 1290 1060 1332 non
1068 1269 1227 1334 dicuntur.

168 1407 176 1424 ·
274 1371 321 1436 Ut
338 1368 402 1447 lex,
422 1391 585 1448 mensuro,
606 1372 655 1433 nel
675 1370 782 1450 imago
803 1388 912 1449 eorum
932 1390 1010 1451 quae
1031 1372 1230 1435 naturaliter

260 1475 362 1553 justo
375 1481 464 1537 aunt.
507 1472 592 1535 Sunt
603 1480 724 1542 autem,
741 1481 778 1532 ut
794 1467 839 1533 ait
849 1468 1053 1544 Aristoteles,
1068 1471 1229 1556 hujusmo-

271 1573 317 1649 di,
334 1574 443 1659 pejora
457 1569 683 1636 translatione:
707 1591 779 1633 nam
797 1569 961 1634 translatio
983 1570 1061 1636 facit
1076 1572 1229 1657 quodam·

271 1674 368 1739 modo
383 1685 506 1749 notum,
521 1669 834 1758 quod'siguilicatum
850 1684 898 1735 est
907 1693 964 1757 per
976 1671 1226 1738 similitudinem.

273 1779 393 1842 Omnes
416 1777 499 1838 enim
523 1772 761 1850 transferentes,
784 1773 956 1838 secandum
980 1775 1121 1860 aliquam
1145 1776 1227 1840 simi·

272 1877 441 1942 titudinem
458 1875 665 1940 transferunt.
709 1874 803 1952 Quod
826 1889 933 1940 autem
956 1876 1146 1963 hujusmodi
1167 1889 1227 1954 est,

272 1978 550 2042 nonfacitnotum:
568 1997 748 2062 namaeque
759 1975 936 2042 similitudo
946 1980 1038 2056 inest,
1050 1979 1227 2044 seeundum

272 2102 367 2164 quam
391 2099 538 2143 mensura
561 2076 610 2140 vei
635 2078 742 2161 imago
764 2078 816 2143 lex
838 2092 897 2160 est,
919 2103 1023 2167 neque
1043 2080 1107 2144 dici
1133 2081 1226 2147 solet.

270 2182 379 2259 Quare
393 2181 420 2244 si
436 2179 565 2267 proprie
586 2201 766 2244 mensuram
785 2179 835 2244 vel
850 2183 1020 2268 imaginem
1039 2184 1143 2268 legem
1159 2205 1227 2248 esse

269 2282 360 2360 diois,
376 2284 540 2347 mentitur.
587 2283 700 2367 Imago
711 2285 795 2347 enim
808 2297 868 2361 est,
883 2285 977 2369 cujus
991 2285 1156 2369 generatio
1171 2309 1228 2372 per

270 2383 478 2450 imitationem
494 2399 552 2449 est.
586 2384 658 2449 Hoc
672 2397 779 2450 autem
796 2407 858 2450 non
874 2386 957 2451 inest
972 2385 1046 2471 legi.
1069 2386 1104 2450 Si
1119 2402 1226 2452 autem

271 2509 334 2552 non
356 2489 497 2574 proprie,
518 2485 635 2573 palam,
656 2489 809 2572 quoniam
825 2488 959 2553 obscure
974 2486 1071 2565 dixit,
1086 2503 1120 2554 et
1135 2490 1227 2576 pejus

270 2589 414 2678 quolibet
425 2588 806 2675 eorum,quaesecundum
816 2590 1053 2655 translationem
1063 2591 1226 2658 dicuntur.

273 2698 361 2759 Nota
374 2706 482 2758 autem
499 2692 543 2761 sio
562 2690 744 2779 recipienda
766 2706 851 2767 sunt,
866 2692 952 2778 quod
968 2693 1049 2757 bene
1067 2694 1227 2779 dispositis

271 2795 435 2862 intellectu
452 2795 659 2859 innotescant.
681 2792 777 2871 Quod
788 2807 895 2859 autem
913 2816 970 2858 nec
981 2816 1022 2859 ex
1039 2794 1227 2881 simpliciter

271 2897 461 2971 notioribus,
478 2919 535 2964 aee
550 2917 591 2960 ex
606 2896 666 2972 his,
682 2918 754 2982 quae
766 2895 858 2960 nobis
873 2895 997 2960 notiora
1011 2897 1155 2983 positum
1166 2910 1225 2974 est,

271 3020 333 3064 non
356 2999 434 3065 facit
456 2998 497 3064 ad
519 2996 745 3063 definitionem.
790 2999 996 3080 AEquioalars
1017 3020 1162 3086 quoque,
1191 2999 1224 3063 id

269 3115 318 3167 est
333 3101 603 3189 aequimembrem,
617 3099 748 3163 definito
763 3111 890 3184 oportet
904 3098 972 3163 fieri
995 3100 1226 3179 definitionem,

271 3217 307 3270 ut
324 3208 351 3269 si
366 3219 531 3291 quaeratur
545 3202 626 3289 quid
641 3201 680 3266 sit
697 3200 893 3286 speculativa
904 3201 1048 3278 scienda
1064 3216 1224 3280 neutrum,

271 3326 329 3369 uec
351 3305 548 3390 speculativa
570 3304 701 3380 seilicet,
724 3325 782 3367 nec
803 3302 945 3379 scientia,
968 3303 1107 3390 relinqui
1129 3304 1223 3370 debet

268 3407 470 3490 ambiguum.
500 3412 537 3470 ln
548 3406 626 3492 ipsis
636 3405 1224 3491 quoquesubstantialibnsdefinitiris

270 3505 1066 3593 nihilponendumest‚quodvergatadpussionem
1084 3513 1224 3573 Auctore

269 3605 426 3692 siquidem
443 3605 624 3680 Aristotele,
641 3611 744 3672 omnis
759 3609 863 3692 passio
884 3608 987 3694 magis
1000 3607 1099 3687 facta,
1115 3609 1223 3695 objicit

269 3731 288 3772 a
303 3706 490 3772 substantia.
514 3706 820 3772 Differentiaautem
833 3730 895 3772 non
909 3709 1107 3796 hujusmodi.
1139 3714 1222 3776 Nam

269 3807 371 3894 magis
392 3806 514 3871 salvare
536 3807 665 3872 videtur
685 3807 731 3885 id,
754 3810 847 3895 cujus
871 3822 920 3874 est
941 3809 1134 3874 differentis.
1178 3811 1222 3874 Et

268 3908 453 3996 simpliciter
468 3908 663 3995 impossibiie
677 3921 725 3973 est
739 3931 807 3974 esse
821 3910 996 3997 singulum,
1012 3910 1080 3974 sine
1093 3911 1224 3997 propria

268 4011 455 4078 differentia.
502 4012 584 4075 Nam
602 4033 702 4098 quum
719 4032 780 4074 non
804 4025 852 4077 est
873 4012 1052 4098 gressibile,
1075 4034 1139 4077 non
1162 4013 1223 4078 erit

268 4116 373 4181 bomo.
418 4114 610 4202 Simpliciter
631 4128 737 4178 autem
753 4113 937 4191 dicendum,
953 4117 1134 4180 seeundum
1148 4135 1223 4199 qsoe

265 4221 421 4284 eluatur
432 4215 653 4295 balenanilril
665 4216 779 4278 horum
796 4215 976 4281 differentia
987 4215 1084 4282 illius.
1107 4217 1224 4281 Omnia

265 4320 349 4383 enim
366 4316 560 4405 hujusmodi,
576 4336 676 4400 quum
694 4312 794 4397 magis
808 4316 903 4392 fiunt,
926 4315 1084 4401 abjiciunt
1107 4340 1127 4380 a
1149 4317 1224 4381 sub-

266 4419 392 4483 stantia.
437 4417 547 4493 Quare
569 4416 595 4478 si
627 4414 767 4499 aliquam
798 4414 983 4501 hujusmodi
1006 4416 1223 4484 differentiam
