2992 5592
163 818 223 864 css.
238 800 306 882 rm]
511 816 753 862 uarssoarcus.
1049 806 1106 865 125

160 979 239 1033 tum:
265 967 403 1034 tertium
418 967 458 1031 ad
477 965 617 1054 aliquid:
644 977 803 1053 quartum,
820 967 933 1054 quale:
960 969 1107 1056 quintum

160 1071 221 1138 ubi:
244 1082 374 1136 sextum
389 1070 532 1157 quando:
556 1069 729 1156 septimum
741 1070 837 1135 situm
852 1093 937 1136 esse:
961 1083 1108 1138 octavum

158 1172 289 1238 habers:
330 1193 453 1237 nonum
481 1171 604 1236 iacere:
642 1171 815 1254 decimum,
844 1172 919 1258 pati.
967 1173 1011 1238 Et
1038 1174 1110 1241 haec

157 1275 282 1362 quidem
298 1274 345 1340 sic
361 1272 573 1359 multiplicata
595 1284 679 1351 sunt,
695 1274 846 1361 quoniam
871 1279 963 1360 apud
973 1279 1109 1361 pbiloso-

154 1382 228 1462 phos
250 1381 395 1443 manime
417 1375 545 1460 vigebat
566 1375 740 1461 speculatio
763 1376 984 1462 corporalium,
1007 1401 1109 1465 quum

156 1489 225 1544 ante
238 1476 418 1553 Zenonem,
428 1488 484 1540 aut
496 1475 611 1553 nullus,
622 1489 677 1541 aut
688 1478 781 1563 pauci
793 1477 979 1558 admodum,
989 1478 1110 1566 aliquid

157 1581 193 1646 de
217 1580 339 1660 anima,
358 1589 416 1643 aut
436 1577 598 1665 spiritibus
620 1578 814 1665 incorporeis
837 1594 923 1644 recte
945 1581 1110 1647 senserint.

159 1683 218 1749 Hic
227 1683 317 1748 enim
329 1693 389 1759 est,
399 1682 482 1748 sicut
494 1682 711 1768 Hieronymus
723 1693 902 1762 auctorest,
914 1683 970 1769 qui
981 1683 1112 1750 immor·

157 1785 311 1852 talitatem
330 1783 463 1849 tradidit
482 1785 673 1849 animarum.
720 1784 842 1871 Utique
863 1784 958 1850 situm
979 1807 1057 1864 esse,
1078 1798 1113 1851 et

157 1888 304 1974 quendam
325 1885 398 1964 alia,
421 1886 472 1952 vix
493 1908 633 1972 congrue
655 1895 808 1972 poterunt
829 1886 992 1972 spiritibus
1011 1888 1113 1975 appli-

157 1993 236 2057 cari:
264 1995 420 2077 quoniam
435 1990 505 2054 baec
520 1990 780 2076 proedicamenta,
796 2011 853 2076 pro
869 2003 958 2075 parte
973 1990 1112 2077 corpori-

158 2093 214 2159 bus
236 2091 402 2180 praecipue
426 2090 554 2157 addicta
577 2103 662 2158 suut.
711 2091 819 2157 Prima
839 2092 948 2181 itaque
968 2106 1112 2158 contem·

157 2196 264 2281 platin,
286 2205 320 2260 et
339 2193 577 2282 quodammodo
597 2193 784 2259 naturaliter
806 2195 1113 2283 philosophantium,

158 2309 299 2363 versatur
316 2296 349 2360 in
373 2295 589 2383 speculatione
604 2296 869 2363 substantiarum:
897 2321 1034 2387 sequens
1055 2321 1113 2365 au-

158 2412 235 2475 tem,
255 2396 488 2462 Mathematica
502 2406 567 2475 est;
595 2395 802 2486 imitaturque
818 2411 976 2468 naturam.
1016 2400 1113 2466 Unde
1187 2438 1192 2447 ·

160 2499 411 2565 Mathematicus
421 2497 463 2564 ab
474 2497 613 2586 antiquis
627 2499 731 2565 dictus
742 2512 791 2565 est
800 2508 893 2568 simio
906 2508 1113 2570 naturalium

159 2605 432 2688 Philosophorum.
464 2600 553 2667 Sicut
567 2600 653 2665 euim
666 2613 790 2666 naturas
804 2612 969 2678 scrutator,
981 2602 1115 2688 inquirit

160 2705 198 2770 de
214 2705 363 2788 cleonte,
378 2718 434 2770 aut
451 2705 563 2782 Callia,
579 2706 659 2793 quid
674 2705 724 2783 sit,
740 2722 797 2772 aut
813 2705 926 2793 qualis,
942 2717 998 2769 aut
1012 2727 1114 2792 qusu-

160 2820 225 2886 tus;
255 2807 301 2872 sic
327 2806 585 2885 Mathematicus,
609 2831 709 2895 quum
732 2807 942 2873 substantiam
966 2808 1035 2893 ejus
1057 2809 1115 2874 ab·

160 2909 315 2986 struxerit,
329 2908 461 2995 inquirit
471 2908 512 2973 de
524 2932 562 2974 ea
574 2910 651 2996 quid
662 2910 715 2990 sit,
724 2924 780 2974 aut
791 2909 904 2997 qualis,
917 2920 974 2974 aut
984 2921 1115 2997 quanta,

161 3022 193 3076 et
205 3011 370 3097 deinceps,
381 3011 572 3076 naturalium
589 3034 678 3075 more
692 3010 967 3097 Philosophorum,
980 3011 1021 3076 ad
1034 3012 1115 3077 ulte·

163 3113 242 3178 riora
255 3112 467 3199 progreditur.
500 3112 566 3178 Sed
577 3112 662 3198 apud
678 3134 742 3190 eos,
756 3111 812 3197 qui
828 3112 962 3197 purioris
978 3112 1115 3198 philoso-

162 3213 244 3300 phiae
258 3214 370 3299 vigent
390 3214 549 3296 acumine,
564 3213 687 3299 pridem
709 3224 875 3299 receptum
890 3225 948 3291 est,
964 3214 1114 3279 secundas

162 3315 296 3382 mathesi
310 3315 416 3379 locum
440 3336 503 3379 uon
525 3335 605 3397 esse,
619 3335 661 3377 ne
681 3311 918 3399 philosophicus
937 3313 1027 3380 labor
1041 3338 1115 3402 pro·

163 3419 253 3484 cedat
283 3417 318 3482 in
349 3416 522 3496 infinitum,
552 3430 586 3482 et
615 3438 742 3503 semper
774 3428 908 3502 vagetur
940 3418 1113 3506 inquisitio,

162 3541 233 3606 ques
247 3541 376 3606 semper
395 3518 500 3584 tendit
514 3518 556 3583 ad
576 3519 685 3585 finem.
733 3519 856 3607 Utique
871 3520 940 3605 jam
963 3522 1115 3608 spoliatus

163 3622 292 3687 omnino
305 3621 443 3708 amplius
456 3621 571 3687 nudari
586 3644 649 3687 uon
665 3633 788 3708 potest:
816 3636 850 3688 et
864 3622 929 3688 sive
945 3624 1080 3691 formam
1095 3648 1115 3690 a

163 3726 296 3792 materia
309 3725 509 3803 abstraxeris,
525 3726 590 3791 sire
605 3727 772 3791 materiam
788 3727 977 3794 subduxeris
991 3730 1114 3810 lormoe,

162 3829 340 3916 superfluus
351 3828 412 3893 erit
424 3828 540 3893 exinde
555 3828 655 3911 labor,
666 3842 722 3894 aut
735 3836 984 3898 circumstantiis
995 3849 1028 3898 et
1044 3855 1117 3919 pro·

162 3930 360 4016 prietatibus,
384 3952 463 4017 quas
485 3951 547 3995 non
575 3931 726 4009 admittit,
750 3932 864 3997 vestire
890 3933 1036 4011 formam,
1060 3948 1116 3998 aut

163 4033 315 4119 quasilla
334 4055 398 4097 nou
419 4032 526 4110 habet,
543 4033 677 4119 spoliare
698 4035 875 4100 materiam.
922 4036 1008 4118 Ergo
1023 4036 1115 4120 quid·

162 4135 238 4221 quid
262 4134 349 4199 ultra
370 4145 521 4211 tentatur,
543 4157 605 4199 non
626 4137 810 4202 constitutio
831 4149 965 4212 naturae,
981 4137 1038 4198 scd
1057 4136 1116 4219 fig-

162 4248 307 4301 mentum
323 4240 430 4301 animi
444 4246 498 4313 est,
510 4236 685 4301 subtilitate
697 4237 923 4303 mathematica
933 4235 1115 4303 laborantis.
1138 4308 1148 4340 r

164 4339 269 4415 Quum
285 4334 375 4400 enim
391 4334 545 4419 quaritur
559 4336 701 4423 quidest
719 4342 837 4411 albedo,
853 4348 887 4398 et
909 4332 1118 4416 respondetur

163 4438 248 4503 color
262 4436 347 4513 talis,
364 4435 519 4520 quicquid
538 4438 579 4519 ei,
593 4439 635 4502 ad
657 4437 873 4517 subsistentia
892 4432 1115 4525 discretionem
