2992 5592
269 820 418 900 cnam]
653 838 893 886 uuranoorcrs.
1160 828 1216 888 101

267 989 418 1065 attendat,
444 989 703 1074 praecedentibus
722 989 800 1054 nihil
824 991 931 1055 obest:
960 989 986 1054 si
1010 1015 1083 1056 vero
1101 991 1218 1059 discre-

267 1089 376 1154 tionem
400 1090 535 1177 quaerit,
549 1091 632 1155 sorte
648 1113 710 1154 non
727 1091 829 1177 palam
846 1106 913 1166 est;
945 1093 1032 1179 quod
1049 1093 1216 1163 discernat.

267 1191 1215 1284 Regulariterproditumest,quiaDemonstratio,primam;

267 1292 384 1394 relatio,
402 1293 575 1358 secundam
591 1295 670 1360 t'acit
686 1296 908 1379 cognitionem.
953 1301 1052 1363 Porro
1065 1301 1218 1385 cognitio,

266 1416 337 1469 rem,
354 1409 519 1481 quatenus
539 1396 638 1473 norit,
654 1396 726 1475 sibi,
748 1397 887 1482 quadam
910 1404 1024 1465 mentis
1043 1404 1218 1487 capacitate

265 1495 428 1574 deliniens,
443 1498 689 1562 circumscribit.
736 1501 784 1564 Ut
801 1523 856 1564 nec
878 1503 991 1586 prima,
1007 1525 1063 1566 nec
1080 1507 1219 1568 secunda

267 1599 361 1683 possit
373 1599 548 1686 procedere
563 1600 714 1685 cognitio,
726 1604 752 1665 si
768 1625 818 1665 res
830 1625 1062 1689 usquequaque
1073 1620 1219 1670 occurrat

266 1701 366 1766 animo
396 1701 535 1766 infinita.
580 1704 692 1767 Omnis
721 1704 806 1766 enim
838 1705 981 1784 scientia,
1013 1705 1080 1769 sive
1109 1707 1221 1770 notitia

266 1804 597 1881 creaturoe,finitaest:
618 1804 832 1870 soliusautem
843 1804 1222 1890 Dei‚qu0niaminlinitus

267 1919 321 1983 cat,
337 1907 470 1970 scientia
485 1907 628 1971 infinita:
657 1931 715 1972 suo
731 1921 837 1972 tamen
861 1908 934 1982 line,
951 1907 1070 1973 scilicet
1085 1908 1220 1992 infinito,

267 2008 442 2093 quamlibet
458 2009 594 2085 infinita,
608 2011 782 2074 certissime
804 2013 931 2093 definit,
948 2024 980 2074 et
1000 2010 1221 2076 immensitatis

268 2133 331 2174 suae
342 2111 488 2187 scientia,
501 2125 533 2175 et
549 2110 713 2197 sapientia,
725 2112 818 2197 cujus
829 2135 992 2189 numerus,
1003 2129 1060 2176 aut
1071 2112 1143 2177 finis
1160 2135 1222 2177 non

267 2226 323 2292 est,
337 2215 578 2278 circunuoribit.
620 2213 682 2277 Sed
698 2236 756 2277 nos
772 2211 939 2277 modulum
956 2214 1131 2277 humanum
1148 2238 1223 2300 pro-

268 2314 508 2401 sequimur,qui
518 2337 580 2378 non
590 2316 739 2401 primam,
747 2338 809 2379 non
820 2316 1001 2392 secundam,
1011 2339 1071 2381 non
1083 2318 1222 2395 tertiam,

268 2418 321 2480 sed
338 2440 395 2481 nec
409 2417 550 2503 aliquam
565 2418 609 2480 rei
625 2417 769 2496 infinitae,
783 2420 839 2482 nisi
857 2435 1016 2505 quatenus
1031 2420 1153 2505 ignota,
1164 2435 1220 2485 aut

269 2520 392 2584 infinita
416 2533 477 2596 est,
501 2520 560 2585 sibi
588 2520 726 2584 scientiae
749 2522 884 2606 gloriam
908 2522 1065 2588 vendicat.
1110 2525 1223 2586 Omnis

268 2621 376 2708 itaque
395 2621 506 2702 dictio,
519 2645 594 2708 quae
617 2623 868 2688 demonstrative
883 2637 939 2688 aut
961 2623 1091 2688 relative
1107 2625 1225 2709 signifi-

269 2736 328 2802 cat,
343 2736 404 2787 aut
424 2746 487 2787 non
511 2726 587 2788 satis
609 2726 737 2812 proprie
758 2726 901 2812 ponitur,
915 2739 972 2789 aut
996 2739 1097 2802 certo,
1113 2739 1144 2789 et
1167 2749 1226 2790 sua

271 2826 392 2890 ratione
407 2826 552 2903 delinito,
569 2828 716 2891 innititur
738 2828 901 2912 subject03
929 2827 1071 2912 alioquin
1088 2848 1146 2890 suo
1161 2829 1226 2914 pri-

270 2932 434 2993 vabuntur
448 2927 569 2991 officio:
599 2951 698 3014 quum
715 2929 798 2993 ratio
819 2928 1009 3013 cognitionis
1023 2928 1227 2993 certitudinis

270 3030 363 3094 tinem
379 3043 518 3116 quaerat,
533 3044 588 3094 aut
606 3045 722 3096 teneat.
768 3032 935 3116 Frequens
951 3044 1056 3094 tamen
1072 3044 1118 3094 est
1136 3054 1225 3095 usur-

272 3135 369 3217 patio,
379 3147 413 3198 et
425 3133 608 3197 illicitorum
623 3157 662 3197 ex
672 3156 768 3212 causa
779 3131 1024 3206 commoditatis,
1036 3131 1225 3219 plerumque

268 3235 388 3301 multus
400 3253 448 3300 est
462 3258 547 3300 usus.
572 3235 770 3300 Admittitur
780 3235 888 3320 itaque
898 3256 959 3296 non
973 3235 1069 3299 modo
1079 3233 1119 3298 ad
1130 3236 1225 3300 cavil-

269 3335 414 3403 lationem
429 3361 551 3414 eorum,
564 3339 682 3424 quibus
693 3337 733 3401 de
748 3337 863 3422 quavis
879 3337 1009 3399 materia
1025 3338 1102 3401 satis
1114 3352 1162 3403 est
1174 3363 1229 3424 og,

265 3444 410 3523 garrire:
434 3439 593 3504 sedetiam
604 3439 645 3504 ad
656 3438 912 3515 statuendam,in
923 3439 1228 3509 auditoribusbonae

268 3542 352 3620 fidei,
375 3543 440 3606 veri
463 3540 718 3627 intelligentiam,
734 3547 813 3625 quio
829 3546 931 3606 omnis
952 3546 1041 3606 bonto
1057 3546 1166 3628 diligit
1185 3569 1229 3630 ae,

283 3644 413 3722 Quodsi
430 3667 469 3708 ex
486 3643 626 3708 relativas
642 3643 788 3709 dictionis
804 3645 996 3732 proprietate
1011 3646 1173 3728 discutias,
1184 3650 1231 3713 in-

267 3768 407 3832 congrue
419 3745 543 3810 dictum
560 3745 643 3811 sorte
659 3747 849 3827 causaberis,
860 3765 891 3812 et
907 3748 1039 3813 falsum:
1065 3750 1227 3835 siquidem

267 3873 324 3915 nec
334 3854 440 3915 murcia
448 3871 573 3912 urrerem
581 3852 766 3932 diligitmec
774 3849 945 3935 aliquisest
957 3852 1013 3936 qui
1021 3851 1177 3935 diligatur
1187 3854 1229 3918 ab

267 3953 362 4030 omni,
384 3970 421 4016 ut
448 3952 516 4015 sive
536 3949 710 4027 collective,
729 3955 796 4015 sire
816 3951 1021 4016 distributive
1036 3953 1227 4038 accipiatur,

270 4054 356 4139 quod
369 4053 496 4118 dictum
509 4064 569 4130 est,
580 4053 693 4130 omnis,
706 4075 878 4139 pronomen
892 4054 1073 4130 relativum,
1085 4077 1128 4133 sc,
1140 4055 1230 4138 quod

269 4156 555 4244 subjungitur,nec
564 4153 762 4219 universitati
770 4155 966 4241 singulorum
978 4181 986 4233 3
999 4155 1231 4218 nccalicuiom·

269 4257 365 4336 nium,
384 4256 544 4322 veraciter
559 4266 699 4340 aptetur.
723 4258 783 4320 Est
800 4257 908 4343 itaque
925 4256 1089 4321 licentiosa
1105 4251 1230 4334 relatio,

267 4372 296 4422 et
318 4361 412 4447 quasi
432 4355 515 4443 legis
531 4379 598 4419 suae
614 4359 704 4420 venia
726 4359 908 4444 impetrata,
925 4356 1021 4418 fidem
1045 4353 1232 4419 universalis

271 4460 307 4525 de
330 4459 548 4549 singularium
567 4462 700 4526 veritate
716 4460 875 4526 convincit
932 4453 1088 4533 Quoniam
1104 4453 1185 4519 enim
1202 4457 1233 4522 in
