2992 5592
575 813 797 858 nurnssrrcns

208 962 292 1040 Quid
310 963 366 1027 nisi
383 964 522 1028 sortunae
538 962 618 1042 ludi,
634 963 856 1049 phantasmata
871 958 1005 1024 mundi?

294 1064 355 1132 His
369 1067 483 1131 etenim
502 1066 603 1130 visum
621 1065 781 1150 praestrnit
799 1064 853 1128 illa
863 1063 954 1149 jocis.

143 1165 148 1175 '
205 1169 369 1254 Praestigio
384 1182 452 1232 rota
468 1168 606 1232 fortunae
621 1167 793 1232 conformis
809 1167 894 1230 inani
1095 1172 1159 1230 255

291 1272 435 1337 Dedocet
451 1271 603 1348 infirmos,
619 1294 701 1357 quos
716 1269 861 1335 docuisse
877 1278 1000 1356 potest:

206 1374 353 1439 Ostentat
369 1373 463 1438 falsas
479 1373 599 1459 species
614 1387 646 1436 et
664 1394 764 1458 parva
781 1370 881 1434 videri

293 1478 424 1560 Magna,
441 1475 491 1539 vel
506 1499 522 1538 e
538 1483 648 1538 contra
662 1471 797 1558 grandia
813 1495 911 1558 parva
925 1471 1013 1548 lacit,

210 1577 370 1642 Adversas
387 1579 481 1642 rebus
497 1577 591 1641 facies
607 1574 730 1639 inducit
746 1588 778 1639 et
795 1574 857 1637 illis

293 1682 389 1744 Ponit
404 1679 446 1743 ad
461 1676 630 1741 arbitrium
647 1675 774 1738 nomina
789 1674 869 1739 falsa
886 1696 993 1755 sunm,
1098 1674 1162 1738 260

209 1783 275 1845 Res
289 1781 385 1845 falsas
400 1778 536 1866 aliquid,
552 1791 583 1841 et
599 1801 649 1841 res
666 1798 755 1842 verus
771 1775 852 1840 nihil
868 1800 936 1842 esse

296 1883 416 1968 Fingit,
434 1896 468 1946 ut
484 1879 632 1944 occludat
649 1877 692 1942 sic
709 1878 840 1943 rationis
856 1877 926 1944 iter.

208 1984 364 2060 Quamvis
379 1983 510 2048 larvales
526 1983 656 2045 inducat
673 1980 759 2046 mille
776 1981 907 2068 ligurus,

298 2084 370 2149 Non
385 2099 470 2150 caret
489 2083 621 2148 arbitrio
638 2082 842 2170 Philosophia
858 2106 926 2148 sua.

505 2183 554 2250 De
569 2185 714 2250 libertate
729 2187 867 2250 arbitrii.

207 2290 321 2376 Exigit
337 2287 462 2354 arbitrii
478 2288 607 2352 libertas
624 2311 697 2352 vera
713 2287 852 2351 duorum
1099 2292 1163 2352 26³

297 2392 493 2467 Subsidium,
510 2389 575 2454 siue
591 2413 657 2475 quo
673 2390 763 2453 mens
778 2412 830 2454 rea
846 2413 954 2476 pressa
964 2389 1063 2474 jacet,

210 2492 334 2558 Scilicet
352 2509 386 2558 ut
403 2495 484 2559 ratio
500 2506 585 2557 recte
600 2493 759 2557 discernat
776 2506 928 2578 ametque

298 2597 428 2682 Semper
443 2595 474 2659 id
491 2592 631 2673 affectus,
647 2593 734 2679 quod
751 2593 890 2679 piajura
905 2593 1056 2679 probant.

209 2699 283 2762 Nou
300 2711 451 2782 praestare
467 2709 570 2783 potest
587 2694 669 2757 illud
686 2707 803 2758 natura
818 2694 963 2771 subacta,

296 2800 399 2874 Quam
418 2798 533 2883 premit
549 2794 671 2859 inflicto
686 2794 814 2859 vulnere
829 2795 924 2880 culpa
936 2817 1050 2858 comes.
1099 2800 1162 2858 2⁷0
1246 2853 1247 2856 ,

209 2898 315 2984 Culpa
331 2900 441 2962 fovens
456 2920 581 2985 poenam
598 2895 728 2960 rationis
744 2895 854 2960 turbat
870 2918 1017 2973 acumen,

295 3000 451 3084 Velleque
466 2996 657 3084 praecipitat,
672 3020 730 3060 nec
745 2994 819 3061 sinit
835 3020 902 3062 esse
918 2998 1019 3082 pium.

211 3100 324 3165 Gratia
340 3115 486 3165 naturam
504 3120 654 3186 reparans
668 3097 799 3162 rationis
814 3121 946 3164 acumen

298 3200 324 3264 P
330 3214 424 3286 urgat
440 3219 472 3266 et
487 3201 620 3264 affectus
635 3214 793 3284 temperat
809 3214 907 3287 atque
923 3199 1016 3286 regit,

209 3304 343 3368 Liberat
360 3302 541 3379 arbitrium,
557 3301 612 3365 sed
628 3323 748 3377 eorum,
765 3323 847 3387 quos
864 3301 916 3387 pia
931 3316 1032 3366 mater
1102 3310 1166 3368 2⁷³

297 3405 472 3469 Consecrat
488 3402 529 3466 ad
545 3400 683 3482 cultum,
701 3401 918 3488 Philosophia,
935 3417 1036 3469 tuum.

534 3505 622 3580 Quid
633 3504 845 3588 philosophia.

213 3607 421 3694 Philosophia
437 3606 516 3691 quid
532 3619 592 3683 est,
610 3605 669 3670 nisi
683 3604 766 3684 fons,
783 3605 842 3683 via,
859 3605 992 3693 duxque
1007 3608 1129 3688 salutis,

303 3708 376 3773 Lux
394 3708 519 3784 animae,
535 3709 611 3773 vitae
626 3705 748 3792 regula,
765 3721 858 3793 grata
872 3709 987 3795 quies?

211 3816 283 3877 Non
300 3809 448 3897 equidem
465 3825 571 3873 motus
586 3805 671 3871 valet
685 3810 861 3894 exstirpare
877 3808 1036 3889 molestos,

298 3910 359 3974 Sed
377 3933 495 3973 nocuos
510 3909 654 3995 reprimit
672 3923 704 3973 et
720 3909 841 3974 ratione
857 3909 986 3987 domat;
1101 3915 1167 3978 280

212 4012 280 4076 Nec
297 4025 390 4076 nocet
405 4010 543 4075 assultus
560 4008 658 4073 hostis
675 4008 787 4073 leviter
803 4010 950 4096 perituri,

296 4112 362 4188 Qui
380 4126 498 4189 manet,
515 4126 549 4176 nt
565 4125 687 4188 noceat,
704 4111 807 4176 hestia
824 4134 908 4176 saeva
923 4112 1035 4176 minus.

213 4219 305 4291 Quod
322 4216 482 4300 superbia,
498 4237 583 4280 aaeaa
605 4218 715 4298 pestis,
732 4216 793 4291 itti,
808 4215 894 4295 quod
911 4222 1056 4296 occupat,
1073 4236 1167 4290 mem-

573 4318 666 4380 brum
682 4321 804 4400 aufert.

215 4420 325 4486 Bestia
341 4444 425 4484 saeva
441 4421 523 4505 rapit
541 4419 720 4484 membrum
736 4417 776 4482 de
791 4437 922 4502 corpore
937 4416 1014 4484 laeso
