2992 5592
403 805 445 863 90
665 818 802 865 JOANMS
817 820 1094 868 ssaasnamsusrs
1216 809 1298 886 [nin.
1315 829 1348 876 ιι.

401 967 546 1054 simplex,
562 990 611 1030 res
625 967 741 1046 brevis,
757 982 790 1033 et
803 969 905 1034 facilis
927 988 1084 1056 quantum
1105 988 1225 1058 potest,
1244 977 1351 1043 debes-

401 1085 454 1132 tur
468 1067 716 1132 introducendis.
761 1068 851 1133 Adeo
866 1070 1008 1156 quidem,
1025 1086 1062 1137 ut
1076 1089 1109 1137 et
1125 1075 1229 1140 multa
1251 1077 1282 1141 in
1302 1101 1347 1142 re·

400 1170 462 1235 bus
483 1170 676 1248 difficilibus,
696 1171 822 1236 facilius
840 1194 938 1259 quam
959 1197 1069 1238 earum
1092 1191 1211 1241 natura
1232 1180 1348 1265 exigat,

401 1272 548 1337 licentius
572 1289 807 1359 proponantur:
831 1297 869 1338 eo
895 1275 982 1361 quod
1011 1276 1043 1340 in
1067 1278 1249 1362 puerilibus
1269 1282 1354 1346 annis

401 1374 611 1440 addiscuntur
626 1374 738 1454 multa,
753 1399 828 1461 quae
848 1377 946 1440 serior
968 1375 1180 1465 philosophias
1202 1395 1352 1448 tractatus

400 1476 554 1542 eliminat.
599 1477 756 1541 Naturam
780 1492 885 1541 tamen
913 1479 1139 1545 universalium
1165 1481 1218 1546 hic
1244 1507 1350 1549 omues

401 1581 589 1666 expediunt,
605 1594 637 1645 et
651 1579 839 1644 altissimum
861 1581 1035 1665 negotium,
1055 1600 1087 1648 et
1106 1584 1239 1670 majoris
1253 1588 1354 1673 inqui-

402 1683 535 1760 sitionis,
559 1698 668 1747 contra
687 1695 825 1747 mentem
849 1684 989 1747 auctoris
1012 1684 1173 1770 explicare
1197 1687 1351 1753 nituntur.

401 1785 493 1851 Alius
507 1809 584 1870 ergo
597 1785 740 1849 consistit
756 1785 787 1848 in
802 1786 933 1850 vocibus
950 1783 1040 1869 (licet
1060 1785 1129 1850 haec
1148 1789 1260 1873 opinio
1280 1812 1348 1854 cum

402 1887 556 1951 Rocelino
576 1909 634 1950 sno
658 1886 721 1949 lere
738 1887 867 1951 omuino
881 1889 948 1973 jam
967 1889 1167 1970 evaunen-itt)
1190 1889 1276 1956 alius
1290 1914 1349 1956 ser·

402 2011 509 2052 mones
523 1989 677 2061 intuetur,
690 2000 722 2051 et
736 1989 777 2052 ad
790 1988 861 2052 illos
876 1989 1057 2077 detorquet,
1069 1991 1227 2077 quicquid
1239 1993 1351 2058 alicubi

400 2090 441 2154 de
464 2090 694 2154 universalibus
714 2090 857 2155 meminit
883 2092 1049 2177 scriptum.
1096 2094 1135 2156 In
1161 2094 1222 2157 hac
1248 2109 1350 2161 autern

398 2192 546 2277 opinione
577 2191 794 2276 deprehensus
827 2205 874 2255 cst
912 2191 1145 2280 Peripateticus
1183 2195 1345 2261 Palatinus

400 2291 595 2358 Abalardus
609 2307 725 2368 noster,
741 2289 798 2377 qui
814 2292 935 2358 multos
954 2293 1094 2381 reliquit,
1110 2309 1143 2361 et
1157 2296 1266 2361 adhuc
1279 2297 1347 2384 qui·

399 2395 471 2459 dem
497 2394 623 2481 aliquos
649 2395 743 2459 habet
771 2396 976 2481 professionis
1003 2397 1101 2483 hujus
1126 2413 1299 2464 sectatores
1321 2408 1350 2464 d

399 2506 501 2563 testes.
546 2498 648 2562 Amici
663 2501 726 2565 mei
742 2511 831 2564 sunt:
855 2499 927 2564 lieet
943 2501 989 2564 ita
1002 2499 1194 2586 plerumque
1214 2502 1350 2588 captiva-

401 2614 465 2665 tam
486 2600 698 2688 detorqueant
719 2602 856 2677 literam,
882 2615 917 2666 ut
938 2601 988 2665 vel
1009 2602 1121 2666 durior
1143 2579 1286 2680 animus,
1295 2605 1350 2667 mi-

401 2704 555 2768 seratione
570 2705 655 2769 illius
669 2719 825 2767 movetur.
870 2707 950 2768 Rem
972 2704 1013 2767 de
1029 2727 1061 2767 re
1082 2705 1251 2789 praedicari
1266 2727 1350 2769 mon·

398 2820 501 2872 strum
515 2806 655 2880 ducunt;
680 2807 752 2871 licet
767 2805 952 2871 Aristoteles
967 2805 1236 2871 monstruositatis
1256 2808 1348 2894 hujus

399 2923 512 2974 auctor
525 2911 577 2985 sit,
593 2923 625 2974 et
640 2931 705 2972 rem
721 2909 762 2972 de
782 2932 815 2972 re
838 2908 1010 2994 saepissime
1031 2924 1151 2972 asserat
1167 2910 1346 2995 praedicari:

399 3011 487 3098 qnod
515 3012 617 3100 palam
642 3025 701 3090 est,
720 3011 780 3075 uisi
803 3009 1015 3089 dissimulent,
1034 3009 1248 3076 familiaribus
1272 3012 1348 3098 ejus.

401 3114 496 3180 Alius
512 3128 656 3182 versatur
669 3115 702 3178 in
717 3111 941 3189 intellectibus,
950 3122 983 3174 et
997 3135 1050 3175 eos
1065 3111 1226 3178 duntaxat
1237 3135 1349 3200 genera

399 3217 478 3282 dicrt
503 3242 580 3296 esse,
605 3232 637 3281 et
664 3216 793 3302 species.
837 3217 977 3280 Sumunt
1001 3213 1084 3278 enirn
1112 3215 1307 3278 occasionem
1331 3236 1349 3276 a

401 3321 553 3382 Cicerone
568 3334 598 3382 et
618 3318 765 3393 Boethio,
789 3317 846 3404 qui
863 3315 1068 3381 Aristotelem
1091 3315 1223 3379 laudant
1244 3329 1349 3381 aucto·

400 3441 477 3499 rem,
492 3418 578 3503 quod
601 3420 669 3483 lraec
689 3420 775 3482 credi
796 3433 828 3484 et
851 3419 914 3483 dici
934 3418 1071 3483 debeant
1092 3420 1247 3483 notiones.
1293 3420 1347 3482 Est

398 3533 518 3594 autem,
535 3533 571 3582 ut
586 3519 687 3595 aiunt,
703 3520 791 3583 notio
804 3544 843 3584 ex
860 3535 935 3586 aute
952 3533 1103 3607 percepta
1121 3518 1228 3585 forma
1245 3519 1347 3604 enjus·

397 3644 461 3707 que
474 3621 519 3684 rei
534 3621 682 3705 cognitio,
697 3620 886 3685 enodatione
900 3622 1055 3708 indigens.
1101 3623 1151 3686 Et
1165 3625 1259 3687 alibi:
1287 3621 1346 3684 No-

399 3726 445 3788 tio
459 3736 505 3787 est
521 3723 650 3808 quidam
666 3723 855 3800 intellectus,
868 3738 901 3789 et
910 3724 1046 3810 simplex
1061 3724 1157 3787 animi
1172 3723 1344 3810 conceptio.

400 3828 450 3890 Eo
464 3850 541 3910 ergo
556 3825 735 3891 deflectitur
750 3827 903 3912 quicquid
919 3827 1072 3912 scriptum
1088 3838 1148 3904 est,
1160 3836 1197 3889 ut
1211 3824 1347 3890 intellec·

399 3945 450 3994 tus
476 3943 531 3994 aut
558 3928 657 4006 notio,
682 3928 906 3993 universalium
939 3926 1178 3991 universitatem
1209 3926 1344 3991 claudat

399 4031 519 4096 Forum
539 4055 623 4108 vero,
640 4032 696 4118 qui
717 4031 812 4094 rebus
831 4031 996 4105 inhaerent‚
1019 4029 1128 4093 muttoe
1149 4045 1225 4094 sunt
1246 4042 1277 4093 et
1297 4028 1344 4092 di·

397 4158 496 4201 versae
511 4135 689 4219 opiniones:
714 4133 870 4219 siqnidem
886 4132 948 4207 bic,
961 4131 1032 4194 ideo
1044 4131 1131 4217 quod
1147 4154 1242 4195 omne
1257 4127 1341 4215 quod

396 4264 495 4304 unum
511 4255 569 4316 est,
582 4261 714 4303 numeru
724 4250 783 4311 est,
795 4248 850 4297 aut
864 4256 927 4297 rem
942 4232 1161 4310 universalem,
1173 4249 1232 4297 aut
1247 4252 1338 4295 uuam

398 4365 530 4407 numero
555 4367 631 4415 esse,
654 4354 709 4402 ant
734 4337 862 4401 omnino
888 4358 948 4398 uon
974 4357 1040 4396 esse
1063 4331 1238 4398 concludit.
1284 4330 1343 4398 sed

398 4445 476 4526 quia
498 4441 689 4528 impossibile
712 4437 932 4503 substantialia
955 4458 1014 4499 non
1039 4458 1116 4509 csse,
1133 4434 1344 4500 existentibus
