2992 5592
266 808 325 872 116
534 820 672 867 sosuurs
687 818 968 865 ssnssnnursusrs
1061 800 1144 880 [sm.
1163 820 1213 864 ιιι.

264 989 321 1041 sut
338 974 446 1040 vitiose
460 972 547 1038 dicta
566 972 699 1048 fuerint,
721 970 886 1047 oblivioni,
907 970 1057 1056 tempori,
1079 983 1111 1034 et
1126 993 1215 1034 occu·

266 1075 451 1165 petionibus
465 1075 675 1160 imputentur.

268 1267 347 1351 Cap.
366 1267 393 1327 l.
419 1263 577 1338 Quomodo
599 1262 816 1344 Porphyrium
832 1259 895 1341 legs·
913 1267 1069 1342 oporteat,
1090 1270 1120 1323 ct
1143 1260 1218 1323 olios

664 1371 821 1427 auctores.

312 1485 480 1551 Enurnnrr
497 1500 539 1544 ex
553 1477 649 1542 animi
660 1477 720 1542 mei
732 1476 898 1552 sententia,
911 1477 956 1539 sic
966 1496 1093 1541 omnem
1104 1474 1216 1541 librum

270 1582 333 1667 legi
355 1592 493 1666 oportet,
516 1593 552 1644 ut
575 1603 671 1666 quam
695 1578 845 1642 facillime
867 1588 983 1665 potest,
1006 1600 1131 1655 eorum,
1146 1601 1217 1664 quae

271 1681 467 1757 scribuntur,
497 1681 652 1746 habeatur
681 1679 830 1764 cognitio.
884 1684 958 1745 Non
988 1679 1073 1744 enim
1103 1679 1220 1744 occasio

271 1782 443 1872 quaereuda
479 1795 526 1846 est
561 1779 743 1866 ingerendus
772 1778 981 1859 difficultatis,
1015 1779 1071 1844 sed
1103 1779 1219 1866 ubique

271 1883 407 1950 facilitas
435 1882 625 1968 generanda.
672 1883 774 1959 Quem
805 1903 923 1945 morem
949 1895 1094 1945 secutum
1122 1881 1220 1944 recolo

271 1989 522 2070 Peripateticum
535 1984 734 2048 Palatinum.
782 1985 863 2048 Inde
875 1997 934 2064 est,
948 1996 985 2049 ut
996 1984 1120 2069 opinor,
1135 1982 1220 2069 quod

272 2086 368 2152 send
391 2084 547 2172 puerilem
569 2084 609 2147 de
631 2084 803 2168 generibus
825 2099 856 2148 et
879 2085 1053 2170 speciebus.
1085 2104 1122 2148 ut
1145 2107 1221 2170 pace

270 2209 402 2251 suorum
415 2185 538 2270 loquar,
549 2184 711 2248 inclinavit
725 2184 921 2270 opinionem:
940 2190 1057 2250 malens
1066 2186 1222 2250 instruere

272 2303 304 2352 et
326 2307 511 2372 promovere
532 2308 607 2348 suos
628 2284 660 2348 in
683 2284 873 2371 puerilibus,
896 2309 993 2372 quam
1016 2288 1049 2351 in
1067 2287 1223 2374 gravitate

273 2387 535 2475 philosophorum
561 2409 629 2450 esse
650 2387 827 2452 obscurior.
873 2388 1024 2454 Faciebat
1048 2390 1135 2454 cuim
1158 2403 1223 2452 stu·

272 2487 459 2564 diosissime,
480 2486 567 2573 quod
599 2487 629 2550 in
661 2487 809 2551 omnibus
829 2489 976 2573 praecipit
1004 2488 1071 2552 fieri
1097 2493 1222 2574 Augus·

271 2588 368 2663 tinus,
391 2587 424 2653 id
445 2599 503 2663 est,
526 2609 632 2652 rerum
651 2589 828 2652 intellectui
841 2590 1001 2653 serviebat.
1049 2590 1166 2674 Iusque
1181 2588 1222 2653 sic

273 2688 474 2775 Porphyrius
496 2686 649 2772 legendus
671 2699 730 2764 est,
762 2700 799 2750 ut
822 2709 1014 2765 sermonum,
1041 2688 1082 2753 de
1109 2690 1222 2776 quibus

271 2791 391 2876 egitur,
398 2788 585 2876 significatio
595 2801 751 2863 teneatur,
764 2799 796 2852 et
805 2810 845 2851 ex
855 2788 925 2874 ipsa
933 2790 1100 2876 superficie
1112 2791 1223 2855 babes-

273 2908 443 2958 tursensus
453 2893 639 2956 verborum:
657 2892 701 2954 sic
712 2890 795 2954 enim
804 2893 881 2955 satis
891 2893 1145 2959 introductorius
1153 2895 1221 2970 erit,

273 3009 305 3062 et
327 2996 414 3060 sacili
436 2993 595 3058 brevitate
616 2993 815 3079 conspicuus.
863 2994 1007 3060 Sufficiat
1028 3019 1107 3083 ergo
1129 2998 1224 3062 intro-

274 3096 421 3162 ducendo
443 3116 545 3170 nosse,
561 3094 639 3178 quia
658 3116 772 3157 nomen
787 3095 911 3177 generis
931 3096 1102 3182 multiplex
1117 3112 1177 3174 est,
1192 3111 1223 3161 et

272 3215 292 3256 s
307 3197 409 3282 prima
420 3194 620 3260 institutione
632 3193 788 3278 significat
800 3195 1012 3278 generationis
1021 3198 1224 3284 principium,

274 3296 306 3359 id
323 3309 382 3376 est,
395 3309 590 3383 parentemn
606 3318 681 3380 quo,
698 3294 748 3358 vel
763 3294 867 3360 locum
884 3297 994 3381 inquo
1009 3301 1084 3383 quis
1098 3299 1223 3386 genitus

271 3410 328 3462 est.
374 3396 471 3460 Unde
486 3398 652 3483 Polynices
667 3399 708 3462 ab
724 3398 862 3463 Adrasto
883 3422 985 3486 genus
999 3400 1223 3488 interrogatus,

273 3498 316 3561 ait
335 3511 508 3582 utrumque
524 3497 748 3582 complectens,

402 3612 518 3665 Cadmus
530 3615 602 3680 origo
615 3620 725 3685 patrum,
737 3601 816 3670 tellus
829 3618 959 3671 Mavortis
970 3620 1081 3673 Thebe.

274 3716 401 3783 Deinde
416 3716 489 3780 hinc
505 3719 692 3783 translatum
705 3734 765 3798 est,
777 3723 817 3786 nd
831 3722 1074 3809 significandum
1090 3725 1124 3790 id
1140 3723 1225 3812 quod

274 3821 314 3884 de
336 3819 557 3884 differentibus
576 3821 678 3906 specie
699 3822 827 3909 inquid
851 3825 1053 3911 praedicatur.
1101 3831 1181 3892 ltem
1195 3838 1226 3889 et

274 3921 392 4008 species
408 3919 628 4006 multipliciter
645 3921 780 3988 dicitur:
804 3948 877 3989 nam
896 3926 937 3990 ab
952 3927 1154 3993 institutione
1167 3927 1228 3990 for-

274 4044 357 4086 msm
375 4019 542 4105 significat,
558 4044 631 4109 quae
650 4023 682 4085 in
706 4022 905 4090 lineamentis
925 4027 1142 4092 membrorum
1158 4047 1228 4091 con·

275 4123 376 4188 sistit:
401 4120 484 4185 unde
510 4135 543 4186 et
570 4124 740 4208 speciosus,
763 4123 846 4187 idem
872 4137 920 4189 est
946 4127 1097 4193 formoso.
1143 4128 1226 4191 Hinc

275 4239 381 4290 sutem
405 4238 568 4310 sumptum
592 4238 651 4300 est,
672 4224 713 4287 sd
738 4222 998 4307 significationem
1023 4229 1106 4312 ejus,
1129 4229 1227 4315 quod,

277 4326 394 4411 inquit,
416 4326 456 4389 de
479 4325 700 4390 differentibus
723 4345 856 4388 numero
882 4327 1088 4411 praedicstur.
1134 4329 1228 4394 Unde

274 4442 396 4491 constat
417 4429 544 4491 nomina
565 4427 644 4503 haec,
661 4448 722 4488 non
745 4448 813 4489 esse
835 4428 982 4493 secundos
1005 4430 1227 4515 impositionis,
