2992 5592
636 830 858 876 ENTHETICUS.

300 994 310 1016 ⁸
360 987 417 1048 Ast
432 986 538 1066 ignem
555 1004 672 1065 purum
686 986 732 1047 nil
748 983 907 1045 maculare
924 991 1041 1063 potest.

271 1087 383 1148 Purius
399 1086 460 1148 lroc
475 1085 554 1147 nihil
570 1095 629 1162 est,
643 1085 700 1169 qui
715 1085 827 1147 sordes
842 1083 993 1167 decoquit
1008 1104 1129 1146 omnes.

359 1185 454 1249 Unde
468 1186 576 1248 locum
592 1207 748 1249 summurn
766 1207 815 1249 res
832 1186 1004 1248 Deisormis
1019 1185 1125 1247 habet.

330 1287 423 1354 Quod
436 1286 629 1349 sublunaria
644 1297 792 1368 equatur
805 1293 893 1348 motu
909 1287 1120 1367 superiorum.

273 1390 337 1451 Res
353 1388 540 1451 sublunares
554 1389 644 1450 nasci
659 1398 747 1451 motu
764 1387 962 1470 superiorum

359 1489 505 1564 Constat,
515 1501 546 1551 et
557 1490 724 1551 immotum
736 1499 854 1551 cuncta
863 1507 989 1549 movere
1007 1487 1122 1548 Deum.
1143 1488 1224 1548 1060

629 1590 718 1657 Quid
734 1599 868 1651 natura.

271 1689 467 1772 Principium
485 1702 590 1762 motus
605 1711 710 1753 rerum
724 1702 839 1750 natura
855 1699 995 1763 roratur,

359 1789 420 1852 Est
434 1791 466 1853 in
483 1804 603 1853 naturae
619 1791 746 1852 nomine
764 1810 859 1851 causa
874 1790 986 1862 latens,

271 1891 378 1954 Causa
393 1893 505 1965 lateus,
520 1893 681 1975 proprium
697 1912 770 1974 quae
786 1891 911 1971 singula
927 1888 1016 1951 ducit
1030 1886 1072 1950 ad
1088 1901 1201 1961 ortum,

355 1994 401 2055 Er
416 1993 538 2055 similes
553 1991 637 2055 rivos
653 1991 796 2055 fontibus
811 2013 881 2054 esse
896 1990 979 2053 sacit.

271 2093 390 2157 Contra
405 2105 549 2156 naturam
565 2105 639 2157 sunt
653 2095 789 2177 plurima
804 2092 1023 2177 posteriorem,
1142 2093 1223 2152 loco

356 2193 418 2256 Sed
435 2207 545 2258 contra
560 2195 704 2277 primam,
720 2193 799 2278 quid
815 2194 897 2255 ralet
912 2189 1004 2254 esse?
1028 2188 1126 2253 nihil!

573 2292 625 2355 De
639 2294 772 2354 zodiaco
787 2292 916 2354 circulo.

269 2393 429 2456 Zodiacus
443 2394 493 2455 bis
510 2415 570 2457 sex
585 2394 729 2477 obliquat
743 2393 835 2474 signa
849 2403 967 2465 rotatu,

355 2495 571 2579 AEqualesque
589 2495 649 2557 sibi
665 2516 732 2556 non
748 2495 825 2557 sinit
840 2515 909 2557 esse
925 2494 1005 2557 dies.

270 2597 416 2657 Arcticus
431 2608 479 2658 est
493 2595 590 2659 medii
606 2608 717 2660 notum
735 2594 826 2658 uobis
842 2607 940 2676 caput
954 2595 1037 2672 axis,

357 2695 419 2758 Sed
435 2698 590 2781 reliquum
606 2698 754 2780 prohibet
769 2710 850 2758 terra
864 2695 969 2757 videre
984 2696 1103 2776 polum.
1143 2700 1222 2760 1070

272 2797 364 2871 Quod
380 2795 493 2876 qlobus
516 2804 612 2859 terrm
627 2797 841 2876 planetarum
863 2795 994 2855 circulis
1019 2799 1219 2859 exemerim

544 2905 593 2958 est
606 2895 722 2971 etsaec
737 2895 977 2956 elementorum.

269 2998 398 3084 Septem
415 3013 496 3063 terra
511 2999 598 3081 vagis
614 2998 798 3061 excentrica
813 2998 957 3081 subjacet
971 2999 1073 3071 astris,

352 3105 455 3176 Quam
472 3113 579 3165 tamen
596 3116 631 3164 ut
646 3115 789 3165 centrum
805 3102 963 3163 maximus
978 3102 1064 3163 orbis
1079 3102 1185 3166 habet

268 3206 405 3268 Interior
419 3216 509 3287 paret
524 3225 651 3287 semper
665 3204 779 3284 globus
794 3202 954 3279 exteriori,

353 3306 452 3367 Terra
468 3306 578 3367 subest
593 3305 718 3367 cunctis
734 3305 866 3366 orbibus
881 3316 956 3385 apta
972 3308 1049 3386 pati.

268 3409 350 3471 Haec
365 3409 494 3492 immota
506 3419 622 3483 manet,
631 3405 688 3470 sed
699 3407 732 3467 in
745 3408 854 3468 orbem
868 3417 973 3469 cetera
982 3419 1121 3485 currunt,
1139 3413 1220 3472 10⁷5

356 3511 394 3570 ln
410 3505 551 3570 medium
567 3505 714 3571 recidunt
729 3506 874 3589 pondera
889 3518 1008 3570 cuncta
1022 3509 1139 3573 locum.

266 3612 344 3675 Faex
361 3611 478 3672 etenim
494 3631 621 3694 semper
634 3611 668 3671 in
685 3608 784 3671 fundo
800 3609 890 3672 tarda
905 3610 1041 3692 quiescit

353 3715 546 3793 Attactuque
562 3733 621 3774 suo
636 3710 767 3775 sordida
781 3732 918 3795 quaeque
933 3711 1019 3775 facit.

267 3814 384 3878 Omnia
399 3811 599 3891 sordescunt,
614 3835 687 3897 quae
704 3814 787 3897 turpi
804 3815 881 3877 faece
898 3815 1070 3895 replentur,

352 3915 444 3990 Quae,
459 3914 520 3977 nisi
538 3927 721 3997 purgentur,
736 3934 812 3977 rasa
826 3914 928 3999 perire
943 3915 1030 3977 lacit.
1135 3921 1219 3980 1080

267 4016 318 4080 Sic
333 4017 451 4081 insecta
466 4016 524 4079 diu
540 4016 729 4101 devictaque
746 4017 834 4080 saecis
850 4039 942 4081 acore

351 4119 415 4180 vix
431 4132 529 4201 caput
542 4118 657 4181 attollit
675 4139 765 4181 mens
780 4130 910 4180 onerata
924 4119 1000 4180 luto.

267 4219 351 4282 Nam
368 4238 467 4302 prope
483 4218 626 4281 tellurem
642 4230 716 4281 sunt
729 4216 819 4289 sumi,
835 4217 974 4285 flamina,
991 4217 1104 4287 nubes,

352 4322 432 4390 Quae
448 4321 577 4382 turbant
592 4320 702 4381 oculos
718 4316 895 4380 errationis
911 4336 1001 4397 opus.

266 4417 387 4481 Contra
401 4428 544 4481 naturam
561 4419 662 4481 facies
677 4418 818 4478 humana
833 4414 966 4477 reflectit
1133 4416 1215 4479 108⁵

313 4534 386 4582 VOL.
401 4537 432 4583 V.
729 4532 751 4577 ‘l'
