2992 5592
363 823 426 883 ast
623 829 1059 878 Joauurssasassssrausrs

450 990 602 1070 Vanaque
617 986 693 1049 dum
709 987 829 1068 petitur
843 985 955 1065 gloria,
972 1005 1050 1046 vera
1064 984 1161 1064 fugit

631 1090 683 1150 De
696 1107 773 1149 nero
785 1085 890 1165 glorio
903 1091 936 1147 et
950 1104 1052 1146 oona.

362 1185 474 1250 Gloria
489 1188 635 1249 virtutem
651 1186 805 1269 sequitur,
820 1205 886 1247 non
901 1183 1009 1246 laudis
1023 1204 1189 1257 amorem,

449 1289 493 1351 Et
508 1309 634 1371 semper
648 1287 770 1349 meritis
784 1296 835 1348 est
848 1285 970 1347 sociata
985 1286 1097 1347 bonis.

364 1390 474 1455 Laude
485 1390 607 1473 probus
618 1390 716 1452 claret
727 1388 846 1470 potius,
857 1408 954 1471 quam
965 1385 1076 1449 laudis
1087 1399 1231 1466 amator,
1254 1393 1335 1451 1⁴⁰5

448 1494 567 1557 Contra
582 1492 704 1575 polluto
718 1490 847 1552 nomine
862 1488 969 1551 sordet
984 1489 1094 1563 iners;

362 1594 468 1656 Foetor
482 1592 567 1655 enim
583 1589 693 1654 sordes
708 1590 775 1652 vitii
790 1589 957 1652 comitatur
970 1598 1004 1650 ct
1018 1588 1147 1663 horror,

449 1696 494 1758 Et
510 1695 609 1757 virtus
623 1705 711 1775 grato
726 1692 829 1776 replet
843 1690 939 1755 odore
955 1692 1074 1763 bonos,

363 1795 428 1859 Sed
443 1795 565 1860 virtum
579 1796 659 1859 odor
673 1807 722 1858 est
736 1795 799 1857 illis
812 1793 1022 1877 perniciosus,

448 1898 537 1968 Quos
552 1898 618 1979 agit
633 1896 792 1979 Antipatri
806 1895 989 1978 perniciosa
1002 1915 1133 1957 manus.
1246 1901 1329 1959 1⁴10

362 1999 388 2061 F
388 2009 466 2061 (etet
479 1999 652 2070 barbaries,
667 2019 739 2082 quaa
754 1998 842 2060 nulla
854 1998 925 2077 lege
937 2007 1076 2074 tenetur,

446 2099 552 2161 Foetet
565 2099 661 2161 odore
677 2100 765 2178 gravi
778 2099 962 2162 camilicina
976 2109 1082 2162 vetus.

474 2200 568 2271 Quod
579 2200 691 2261 domus
705 2206 917 2280 tyrannoram
931 2203 1134 2282 carnificina
1148 2211 1209 2265 ort.

358 2298 556 2363 Gamifioina
570 2312 659 2362 vetus
674 2313 724 2362 cst
737 2299 811 2363 aula
826 2304 957 2364 subacta
971 2305 1130 2385 tyrannis,

442 2399 504 2461 Est
517 2399 632 2462 domus
647 2400 806 2483 Antipatri
820 2403 1008 2466 carnificina
1022 2417 1126 2468 retus.

355 2501 493 2564 Tollitur
506 2524 524 2565 e
539 2500 645 2563 medio
660 2523 757 2565 sacrae
773 2505 949 2567 reverentis
960 2506 1052 2586 legis,
1240 2511 1321 2571 141o

443 2602 639 2666 Camificum
650 2603 740 2666 scitis
755 2602 832 2665 dant
846 2625 936 2668 sacra
945 2605 1020 2689 jura
1033 2607 1155 2670 locum.

355 2704 470 2786 Exigit
484 2727 503 2768 a
518 2706 642 2768 cunctis
656 2707 846 2767 munuscula
860 2705 990 2788 Sporus,
1003 2719 1036 2769 at
1050 2708 1108 2771 illa

445 2805 479 2868 Si
494 2805 629 2882 dederis,
643 2806 779 2889 perdes;
802 2806 848 2868 nil
864 2806 967 2884 dahis,
981 2807 1083 2871 hostis
1098 2811 1172 2872 eris

356 2906 392 2969 Si
407 2907 447 2968 sit
461 2907 594 2978 amicus,
610 2908 712 2982 obest,
728 2907 834 2970 sinon
851 2907 902 2983 sit,
918 2907 1032 2989 quaerit
1046 2910 1173 2987 obesse,

442 3005 606 3090 Quidquid
619 3029 705 3088 agas,
714 3007 827 3084 oberit,
836 3021 890 3069 aut
902 3009 986 3070 volet
996 3029 1067 3072 esse
1076 3031 1213 3074 uoceus.
1232 3017 1318 3078 1420

354 3109 437 3172 Rem
452 3109 585 3172 fortasse
600 3124 685 3171 tuam
700 3109 817 3192 poteris
832 3130 965 3186 servare,
981 3110 1038 3173 sed
1053 3111 1125 3195 ejus

441 3213 466 3272 A
486 3210 569 3272 vitiis
583 3211 722 3273 animum
738 3232 803 3273 non
819 3231 965 3274 revocare
981 3223 1082 3294 potes.

353 3312 476 3375 Munus
490 3312 636 3375 amicitiae
652 3313 791 3396 speciem
807 3311 966 3395 producit,
981 3325 1012 3375 at
1028 3313 1133 3396 ipsam

438 3412 520 3473 Rem
537 3412 638 3491 gignit
654 3412 751 3475 virtus
766 3433 849 3490 vera,
863 3414 1041 3494 probatque
1058 3413 1151 3478 fides.

351 3514 491 3593 Augetur
506 3523 613 3574 tamen
629 3515 801 3596 obsequiis,
817 3514 975 3597 sumitque
991 3515 1143 3596 vigorem,
1228 3526 1315 3586 lsao

437 3613 519 3675 Nam
535 3614 678 3695 probitas
693 3615 812 3677 meritis
826 3615 957 3697 praemia
970 3614 1067 3697 digua
1081 3619 1187 3682 refert

350 3711 568 3775 Dinomaches
583 3726 616 3776 et
629 3715 822 3794 Polydamas
836 3714 1040 3778 dominantur
1053 3717 1086 3778 iu
1102 3721 1188 3789 aula.

436 3813 491 3875 Nil
507 3813 600 3889 Cato,
613 3814 658 3875 nil
676 3816 803 3893 Curius,
817 3829 934 3880 cuncta
949 3817 1105 3880 Photinus
1119 3821 1199 3901 agit,

349 3913 474 3978 Cuncta
490 3915 645 3977 Photinus
660 3917 727 3997 agit
743 3920 891 3981 Labeone
906 3920 966 3981 sibi
981 3921 1122 3983 sociato:

436 4017 562 4080 Horum
578 4016 641 4079 rita
655 4019 770 4095 scelus,
785 4021 909 4101 singula
926 4022 1022 4082 verba
1037 4020 1115 4083 doli·
1224 4030 1312 4094 14³0

346 4119 522 4182 'I'hrasonis
535 4120 650 4211 fastum
665 4133 835 4206 gestusque
851 4124 955 4187 videre
972 4128 1138 4189 molestum
1155 4144 1216 4205 est,

432 4220 536 4295 Quem
551 4222 605 4283 vix
620 4222 700 4285 serre
717 4235 823 4304 potest
839 4246 968 4288 munere
984 4238 1079 4310 capta
1093 4228 1204 4292 Thais.

346 4319 404 4381 Vir
418 4322 521 4399 gravis
536 4321 601 4398 hic,
618 4323 684 4384 visu
700 4324 804 4404 gravis
819 4335 869 4387 est
883 4338 1053 4408 gratusque
1070 4330 1220 4406 Sabinus,

433 4420 518 4482 Dum
535 4444 612 4504 puer
627 4435 659 4485 ct
674 4438 764 4487 tener
777 4437 824 4487 est
839 4447 904 4488 non
920 4428 1088 4492 fruticante
1104 4430 1179 4512 pilo.
