2992 5592
544 794 768 841 carnaticos·

263 951 308 1012 Et
323 949 434 1012 merito
450 948 528 1012 fidei
542 948 732 1012 conciliatur
746 969 844 1011 amor.

176 1050 260 1112 Nam
276 1048 532 1114 soletinterdum
548 1050 595 1112 vis
610 1060 802 1133 extorquere
817 1049 972 1122 timorem,

266 1148 384 1214 Sternit
398 1161 431 1214 et
445 1150 564 1213 invitos
578 1162 674 1234 atque
690 1149 824 1214 subesse
839 1150 926 1224 facit,

178 1251 301 1314 Serviat
316 1259 350 1315 ut
365 1252 479 1314 nolens
493 1251 565 1314 aliis
581 1251 708 1334 captiva
722 1250 882 1323 voluntas,

263 1351 388 1415 Territa
402 1351 586 1414 verberibus
601 1363 633 1415 et
648 1351 810 1414 stimulata
825 1349 937 1423 minis;
1047 1351 1129 1412 1700

179 1450 243 1515 Sed
259 1449 419 1534 perfectus
434 1471 523 1515 amor
537 1451 648 1534 procul
663 1451 750 1514 hunc
766 1450 844 1514 facit
857 1471 928 1513 esse
943 1449 1099 1527 timorem,

264 1553 349 1615 Nam
365 1552 442 1615 facit
455 1553 631 1633 ingenuum
647 1573 806 1636 quemque
821 1550 961 1636 pudicus
975 1572 1073 1616 amor.

359 1653 453 1720 Quod
468 1652 602 1716 libertos
611 1655 839 1734 philosophum
854 1655 953 1717 decet.

180 1756 297 1819 Libera
312 1754 495 1839 philosophi
511 1755 577 1818 rita
591 1767 640 1818 est
654 1765 687 1819 et
700 1755 802 1819 libera
815 1747 937 1838 lingua,

266 1855 328 1945 Est
342 1856 499 1920 libertatis
515 1867 626 1920 auctor
640 1857 764 1940 utrique
779 1858 880 1921 Deus.

179 1958 267 2037 Ergo
282 1957 494 2041 philosophus
510 1957 588 2021 colit
602 1958 678 2045 hos,·
688 1978 771 2041 quos
785 1958 890 2022 credit
899 1959 1030 2037 amicos,
1050 1962 1130 2023 1700

264 2059 331 2122 Aut
346 2079 427 2141 quos
442 2080 461 2121 a
476 2058 560 2122 vitiis
574 2080 669 2143 posse
685 2059 789 2123 redire
803 2070 904 2144 putat.

181 2161 257 2223 Non
272 2159 430 2235 homines,
442 2160 606 2222 hominurn
618 2170 694 2223 sunt
702 2162 835 2240 umbrae,
846 2183 928 2246 quos
938 2162 1038 2227 habet
1046 2162 1132 2226 orbis

139 2275 147 2288 ¹
267 2261 462 2324 Brutescens
477 2261 573 2339 vitiis,
588 2283 686 2344 quum
699 2261 822 2325 ratione
837 2274 934 2329 caret

182 2362 267 2434 Quid
283 2362 342 2424 tibi
358 2383 431 2425 cum
445 2363 541 2426 larvis
556 2362 746 2445 sapientiam
761 2362 878 2445 dogma
891 2365 1057 2450 sequenti?

268 2464 399 2540 Dicent,
414 2464 449 2526 ni
463 2464 577 2545 fugias,
592 2465 682 2528 ocius
695 2465 743 2527 ito
757 2465 853 2529 foras.
1050 2470 1133 2535 1770

273 2562 279 2585 “
384 2565 479 2632 Quod
492 2569 579 2629 locus
593 2568 677 2629 vitio
691 2587 758 2628 nore
772 2567 929 2629 excludit.

180 2664 284 2728 Plena
297 2666 467 2748 supercilio
482 2666 510 2726 si
524 2666 618 2729 turba
631 2665 769 2747 repellit,
784 2667 873 2728 abito

267 2767 313 2829 Et
326 2775 562 2849 contemptores
577 2785 727 2848 spernere
742 2764 831 2829 disce
846 2777 927 2831 tuos.

182 2867 253 2931 Nec
269 2867 328 2929 tibi
344 2867 385 2928 sit
398 2886 494 2943 curae,
509 2866 536 2928 si
551 2865 768 2928 contemnaris
781 2866 823 2928 ab
837 2866 911 2944 illis,

266 2969 357 3040 Quos
372 2976 485 3049 captos
498 2965 610 3028 mundi
625 2965 705 3030 retia
718 2986 801 3029 vana
814 2977 933 3032 tenent

180 3071 218 3132 In
231 3070 372 3132 claustro
384 3067 520 3148 capitur,
533 3088 628 3152 quem
640 3077 768 3154 torquet
776 3088 865 3131 amor
875 3069 1032 3148 vitiorum,
1051 3074 1133 3134 1770

270 3171 355 3231 Nam
371 3167 477 3250 paries
492 3169 619 3232 claustri
633 3169 762 3252 pervius
777 3180 885 3234 exstat
898 3170 954 3249 iis;

180 3274 366 3353 Irrumpunt
380 3289 480 3346 arces,
494 3271 678 3354 nullamque
692 3271 836 3335 resistere
850 3293 959 3356 posse,

270 3371 304 3433 Si
321 3371 420 3433 semel
434 3370 602 3453 insurgant
617 3371 758 3454 grandia,
774 3373 855 3437 scito
870 3395 982 3438 seram.

184 3475 261 3536 Non
275 3471 406 3536 adamas
421 3472 529 3537 obstat
543 3473 639 3551 vitiis,
654 3494 720 3536 non
735 3474 855 3538 ferreus
869 3497 976 3558 agger,

271 3574 347 3636 Non
362 3593 457 3656 aqna,
468 3573 649 3652 nonlossae‚
660 3574 718 3638 sed
733 3596 794 3639 nac
809 3576 922 3660 iniqua
931 3577 1035 3662 palus.
1053 3581 1136 3643 1780

385 3676 437 3737 De
452 3675 579 3758 triplici
593 3675 755 3739 obstaculo
769 3679 932 3743 vitiorum.

183 3781 272 3864 Ergo
287 3788 354 3842 tam
370 3777 447 3840 saevi
463 3798 527 3861 qua
540 3788 677 3860 possunt
692 3790 758 3842 arte
773 3782 885 3864 repelli

268 3877 407 3944 Hostes?
431 3888 487 3942 aut
500 3879 580 3963 quid
594 3900 651 3943 eos
665 3880 753 3962 cogit
766 3882 847 3945 inire
862 3883 989 3966 fugam?

184 3984 219 4047 Si
236 3983 331 4045 timor
345 3990 421 4044 ante
436 3980 532 4060 t'ores,
547 3990 579 4044 et
595 3981 623 4044 si
637 3979 743 4065 pudor
757 3982 838 4046 atria
851 3995 966 4062 servet,

269 4085 315 4146 Et
330 4082 357 4145 si
372 4091 480 4146 castus
495 4102 584 4146 amor
598 4082 747 4147 interiora
760 4092 859 4163 tenet,

186 4184 316 4247 Devitat
330 4204 461 4265 poenam
475 4183 571 4247 timor
586 4184 748 4247 officiosus
764 4192 798 4248 et
812 4206 917 4264 omne,
1056 4190 1138 4253 1786

272 4286 378 4366 Quod,
392 4286 455 4351 nisi
470 4297 658 4370 precaveat,
673 4308 768 4370 posse
783 4308 899 4353 nocere
913 4299 1016 4374 putat.

189 4385 336 4448 Nominis
350 4385 508 4468 ingenuus
523 4387 681 4452 maculam
697 4387 802 4470 pudor
816 4398 913 4465 arcet,
929 4389 1043 4455 odores
