<?xml version="1.0" encoding="UTF-8"?>
<!DOCTYPE html PUBLIC "-//W3C//DTD XHTML 1.0 Transitional//EN"
    "http://www.w3.org/TR/xhtml1/DTD/xhtml1-transitional.dtd">
<html xmlns="http://www.w3.org/1999/xhtml" xml:lang="en" lang="en">
 <head>
  <title>
</title>
<meta http-equiv="Content-Type" content="text/html;charset=utf-8" />
  <meta name='ocr-system' content='tesseract 3.04.00' />
  <meta name='ocr-capabilities' content='ocr_page ocr_carea ocr_par ocr_line ocrx_word'/>
</head>
<body>
  <div class='ocr_page' id='page_1' title='image "./joannissaresber15johngoog_0039.png"; bbox 0 0 2992 5592; ppageno 0'>
   <div class='ocr_carea' id='block_1_1' title="bbox 265 807 1222 877">
    <p class='ocr_par' dir='ltr' id='par_1_1' title="bbox 265 807 1222 877">
     <span class='ocr_line' id='line_1_1' title="bbox 265 807 1222 877; baseline 0.002 -9"><span class='ocrx_word' id='word_1_1' title='bbox 265 824 328 868; x_wconf 79' lang='lat' dir='ltr'><strong>oar.</strong></span> <span class='ocrx_word' id='word_1_2' title='bbox 344 807 425 877; x_wconf 89' lang='lat' dir='ltr'><strong>v11.]</strong></span> <span class='ocrx_word' id='word_1_3' title='bbox 637 823 877 868; x_wconf 79' lang='lat' dir='ltr'><strong>unranoorcos.</strong></span> <span class='ocrx_word' id='word_1_4' title='bbox 1181 813 1222 871; x_wconf 73' lang='lat'><strong>2⁶</strong></span> 
     </span>
    </p>
   </div>
   <div class='ocr_carea' id='block_1_2' title="bbox 266 972 1229 3199">
    <p class='ocr_par' dir='ltr' id='par_1_2' title="bbox 266 972 1229 3199">
     <span class='ocr_line' id='line_1_2' title="bbox 267 972 1221 1060; baseline 0.003 -24"><span class='ocrx_word' id='word_1_5' title='bbox 267 996 324 1036; x_wconf 88' lang='lat' dir='ltr'><strong>non</strong></span> <span class='ocrx_word' id='word_1_6' title='bbox 355 985 405 1037; x_wconf 90' lang='lat' dir='ltr'><strong>cst</strong></span> <span class='ocrx_word' id='word_1_7' title='bbox 432 972 603 1059; x_wconf 89' lang='lat' dir='ltr'><strong>eloquens,</strong></span> <span class='ocrx_word' id='word_1_8' title='bbox 629 974 776 1060; x_wconf 88' lang='lat' dir='ltr'><strong>quisquis</strong></span> <span class='ocrx_word' id='word_1_9' title='bbox 801 974 957 1060; x_wconf 85' lang='lat' dir='ltr'><strong>loquitur,</strong></span> <span class='ocrx_word' id='word_1_10' title='bbox 983 987 1041 1038; x_wconf 91' lang='lat' dir='ltr'><strong>aut</strong></span> <span class='ocrx_word' id='word_1_11' title='bbox 1066 973 1221 1060; x_wconf 91' lang='lat' dir='ltr'><strong>quicquid</strong></span> 
     </span>
     <span class='ocr_line' id='line_1_3' title="bbox 267 1072 1222 1160; baseline 0.005 -25"><span class='ocrx_word' id='word_1_12' title='bbox 267 1072 409 1150; x_wconf 86' lang='lat' dir='ltr'><strong>voluerit,</strong></span> <span class='ocrx_word' id='word_1_13' title='bbox 435 1087 603 1159; x_wconf 89' lang='lat' dir='ltr'><strong>utcunque</strong></span> <span class='ocrx_word' id='word_1_14' title='bbox 629 1073 785 1160; x_wconf 89' lang='lat' dir='ltr'><strong>loquitur,</strong></span> <span class='ocrx_word' id='word_1_15' title='bbox 809 1074 864 1138; x_wconf 84' lang='lat' dir='ltr'><strong>sed</strong></span> <span class='ocrx_word' id='word_1_16' title='bbox 893 1073 946 1138; x_wconf 94' lang='lat' dir='ltr'><strong>ille</strong></span> <span class='ocrx_word' id='word_1_17' title='bbox 969 1073 1138 1152; x_wconf 82' lang='lat' dir='ltr'><strong>duntaxat,</strong></span> <span class='ocrx_word' id='word_1_18' title='bbox 1164 1076 1222 1160; x_wconf 94' lang='lat' dir='ltr'><strong>qui</strong></span> 
     </span>
     <span class='ocr_line' id='line_1_4' title="bbox 266 1175 1223 1263; baseline 0 -23"><span class='ocrx_word' id='word_1_19' title='bbox 266 1175 359 1240; x_wconf 84' lang='lat' dir='ltr'><strong>animi</strong></span> <span class='ocrx_word' id='word_1_20' title='bbox 375 1175 427 1239; x_wconf 85' lang='lat' dir='ltr'><strong>aui</strong></span> <span class='ocrx_word' id='word_1_21' title='bbox 441 1175 610 1240; x_wconf 77' lang='lat' dir='ltr'><strong>arbitrium</strong></span> <span class='ocrx_word' id='word_1_22' title='bbox 626 1175 791 1241; x_wconf 87' lang='lat' dir='ltr'><strong>commode</strong></span> <span class='ocrx_word' id='word_1_23' title='bbox 805 1175 939 1261; x_wconf 83' lang='lat' dir='ltr'><strong>profert.</strong></span> <span class='ocrx_word' id='word_1_24' title='bbox 983 1180 1223 1263; x_wconf 87' lang='lat' dir='ltr'><strong>Ipsaque&#39;com·</strong></span> 
     </span>
     <span class='ocr_line' id='line_1_5' title="bbox 266 1275 1223 1363; baseline 0.005 -23"><span class='ocrx_word' id='word_1_25' title='bbox 266 1275 402 1341; x_wconf 87' lang='lat' dir='ltr'><strong>moditas</strong></span> <span class='ocrx_word' id='word_1_26' title='bbox 418 1276 522 1360; x_wconf 84' lang='lat' dir='ltr'>exigit</span> <span class='ocrx_word' id='word_1_27' title='bbox 545 1276 729 1343; x_wconf 81' lang='lat' dir='ltr'><strong>facultatem</strong></span> <span class='ocrx_word' id='word_1_28' title='bbox 754 1278 839 1363; x_wconf 80' lang='lat' dir='ltr'><strong>(quc</strong></span> <span class='ocrx_word' id='word_1_29' title='bbox 854 1302 875 1342; x_wconf 84' lang='lat' dir='ltr'><strong>a</strong></span> <span class='ocrx_word' id='word_1_30' title='bbox 890 1281 1060 1360; x_wconf 75' lang='lat' dir='ltr'><em>facilitate</em></span> <span class='ocrx_word' id='word_1_31' title='bbox 1081 1281 1223 1358; x_wconf 81' lang='lat' dir='ltr'><strong>dicitur)</strong></span> 
     </span>
     <span class='ocr_line' id='line_1_6' title="bbox 268 1380 1224 1467; baseline 0.004 -25"><span class='ocrx_word' id='word_1_32' title='bbox 268 1393 302 1445; x_wconf 90' lang='lat' dir='ltr'><strong>ut</strong></span> <span class='ocrx_word' id='word_1_33' title='bbox 322 1401 497 1466; x_wconf 87' lang='lat' dir='ltr'><strong>sequamur</strong></span> <span class='ocrx_word' id='word_1_34' title='bbox 512 1402 615 1444; x_wconf 88' lang='lat' dir='ltr'><strong>mores</strong></span> <span class='ocrx_word' id='word_1_35' title='bbox 633 1393 770 1461; x_wconf 88' lang='lat' dir='ltr'><strong>nostros,</strong></span> <span class='ocrx_word' id='word_1_36' title='bbox 785 1380 905 1466; x_wconf 90' lang='lat' dir='ltr'><strong>quibus</strong></span> <span class='ocrx_word' id='word_1_37' title='bbox 922 1393 1051 1467; x_wconf 82' lang='lat' dir='ltr'><strong>gratum</strong></span> <span class='ocrx_word' id='word_1_38' title='bbox 1066 1394 1125 1460; x_wconf 90' lang='lat' dir='ltr'><strong>est,</strong></span> <span class='ocrx_word' id='word_1_39' title='bbox 1139 1381 1171 1446; x_wconf 91' lang='lat' dir='ltr'><strong>in</strong></span> <span class='ocrx_word' id='word_1_40' title='bbox 1186 1405 1224 1446; x_wconf 88' lang='lat' dir='ltr'><strong>ea</strong></span> 
     </span>
     <span class='ocr_line' id='line_1_7' title="bbox 268 1480 1224 1567; baseline 0.003 -23"><span class='ocrx_word' id='word_1_41' title='bbox 268 1495 369 1566; x_wconf 88' lang='lat' dir='ltr'><strong>parte,</strong></span> <span class='ocrx_word' id='word_1_42' title='bbox 385 1481 509 1545; x_wconf 89' lang='lat' dir='ltr'><strong>Stoicos</strong></span> <span class='ocrx_word' id='word_1_43' title='bbox 524 1484 653 1558; x_wconf 85' lang='lat' dir='ltr'><strong>imitari,</strong></span> <span class='ocrx_word' id='word_1_44' title='bbox 669 1481 726 1567; x_wconf 91' lang='lat' dir='ltr'><strong>qui</strong></span> <span class='ocrx_word' id='word_1_45' title='bbox 741 1481 783 1545; x_wconf 89' lang='lat' dir='ltr'><strong>ad</strong></span> <span class='ocrx_word' id='word_1_46' title='bbox 799 1482 966 1547; x_wconf 85' lang='lat' dir='ltr'><strong>verborum</strong></span> <span class='ocrx_word' id='word_1_47' title='bbox 987 1480 1161 1547; x_wconf 79' lang='lat' dir='ltr'><strong>faciliorem</strong></span> <span class='ocrx_word' id='word_1_48' title='bbox 1176 1483 1224 1547; x_wconf 90' lang='lat' dir='ltr'><strong>in·</strong></span> 
     </span>
     <span class='ocr_line' id='line_1_8' title="bbox 269 1580 1226 1668; baseline 0.003 -24"><span class='ocrx_word' id='word_1_49' title='bbox 269 1580 487 1666; x_wconf 80' lang='lat' dir='ltr'><strong>telligentiam,</strong></span> <span class='ocrx_word' id='word_1_50' title='bbox 499 1602 604 1646; x_wconf 85' lang='lat' dir='ltr'><strong>rerum</strong></span> <span class='ocrx_word' id='word_1_51' title='bbox 617 1582 712 1645; x_wconf 89' lang='lat' dir='ltr'><strong>etiam</strong></span> <span class='ocrx_word' id='word_1_52' title='bbox 724 1582 881 1664; x_wconf 80' lang='lat' dir='ltr'><strong>originem</strong></span> <span class='ocrx_word' id='word_1_53' title='bbox 896 1583 1070 1647; x_wconf 79' lang='lat' dir='ltr'><strong>studiosius</strong></span> <span class='ocrx_word' id='word_1_54' title='bbox 1081 1605 1226 1668; x_wconf 84' lang='lat' dir='ltr'><strong>perseru-</strong></span> 
     </span>
     <span class='ocr_line' id='line_1_9' title="bbox 268 1683 1225 1770; baseline 0.003 -24"><span class='ocrx_word' id='word_1_55' title='bbox 268 1695 385 1750; x_wconf 87' lang='lat' dir='ltr'><strong>taotur.</strong></span> <span class='ocrx_word' id='word_1_56' title='bbox 421 1684 512 1767; x_wconf 87' lang='lat' dir='ltr'><strong>Ergo</strong></span> <span class='ocrx_word' id='word_1_57' title='bbox 526 1686 578 1748; x_wconf 91' lang='lat' dir='ltr'><strong>eui</strong></span> <span class='ocrx_word' id='word_1_58' title='bbox 594 1683 732 1748; x_wconf 82' lang='lat' dir='ltr'><strong>facilitas</strong></span> <span class='ocrx_word' id='word_1_59' title='bbox 742 1683 833 1748; x_wconf 88' lang='lat' dir='ltr'><strong>adest</strong></span> <span class='ocrx_word' id='word_1_60' title='bbox 849 1683 1012 1747; x_wconf 90' lang='lat' dir='ltr'><strong>commode</strong></span> <span class='ocrx_word' id='word_1_61' title='bbox 1027 1683 1225 1770; x_wconf 83' lang='lat' dir='ltr'><strong>exprimendi</strong></span> 
     </span>
     <span class='ocr_line' id='line_1_10' title="bbox 269 1782 1226 1870; baseline 0.007 -26"><span class='ocrx_word' id='word_1_62' title='bbox 269 1784 366 1849; x_wconf 89' lang='lat' dir='ltr'><strong>verbo</strong></span> <span class='ocrx_word' id='word_1_63' title='bbox 390 1782 532 1869; x_wconf 89' lang='lat' dir='ltr'><strong>quidem,</strong></span> <span class='ocrx_word' id='word_1_64' title='bbox 558 1783 646 1870; x_wconf 92' lang='lat' dir='ltr'><strong>quod</strong></span> <span class='ocrx_word' id='word_1_65' title='bbox 675 1785 783 1862; x_wconf 83' lang='lat' dir='ltr'><strong>sentit,</strong></span> <span class='ocrx_word' id='word_1_66' title='bbox 809 1784 961 1870; x_wconf 89' lang='lat' dir='ltr'><strong>eloquens</strong></span> <span class='ocrx_word' id='word_1_67' title='bbox 985 1799 1042 1852; x_wconf 89' lang='lat' dir='ltr'><strong>est.</strong></span> <span class='ocrx_word' id='word_1_68' title='bbox 1094 1787 1141 1850; x_wconf 88' lang='lat' dir='ltr'><strong>Et</strong></span> <span class='ocrx_word' id='word_1_69' title='bbox 1166 1785 1226 1851; x_wconf 92' lang='lat' dir='ltr'><strong>hoc</strong></span> 
     </span>
     <span class='ocr_line' id='line_1_11' title="bbox 268 1884 1225 1973; baseline 0.005 -24"><span class='ocrx_word' id='word_1_70' title='bbox 268 1885 403 1951; x_wconf 80' lang='lat' dir='ltr'><strong>faciendi</strong></span> <span class='ocrx_word' id='word_1_71' title='bbox 434 1884 581 1961; x_wconf 81' lang='lat' dir='ltr'><strong>facultas,</strong></span> <span class='ocrx_word' id='word_1_72' title='bbox 611 1886 785 1952; x_wconf 87' lang='lat' dir='ltr'><strong>rectissime</strong></span> <span class='ocrx_word' id='word_1_73' title='bbox 818 1886 1001 1973; x_wconf 88' lang='lat' dir='ltr'><strong>eloquentia</strong></span> <span class='ocrx_word' id='word_1_74' title='bbox 1033 1889 1225 1954; x_wconf 89' lang='lat' dir='ltr'><strong>nominatur.</strong></span> 
     </span>
     <span class='ocr_line' id='line_1_12' title="bbox 270 1987 1227 2077; baseline -0.001 -24"><span class='ocrx_word' id='word_1_75' title='bbox 270 1991 340 2067; x_wconf 81' lang='lat' dir='ltr'><strong>Qua</strong></span> <span class='ocrx_word' id='word_1_76' title='bbox 350 1988 430 2075; x_wconf 92' lang='lat' dir='ltr'><strong>quid</strong></span> <span class='ocrx_word' id='word_1_77' title='bbox 444 2010 512 2053; x_wconf 89' lang='lat' dir='ltr'><strong>esse</strong></span> <span class='ocrx_word' id='word_1_78' title='bbox 524 1993 729 2077; x_wconf 76' lang='lat' dir='ltr'><strong>praestantius</strong></span> <span class='ocrx_word' id='word_1_79' title='bbox 740 1992 840 2076; x_wconf 84' lang='lat' dir='ltr'><strong>possit</strong></span> <span class='ocrx_word' id='word_1_80' title='bbox 852 1990 893 2054; x_wconf 91' lang='lat' dir='ltr'><strong>ad</strong></span> <span class='ocrx_word' id='word_1_81' title='bbox 907 2014 1012 2064; x_wconf 90' lang='lat' dir='ltr'><strong>usum,</strong></span> <span class='ocrx_word' id='word_1_82' title='bbox 1024 1987 1227 2075; x_wconf 88' lang='lat' dir='ltr'><strong>compendio-</strong></span> 
     </span>
     <span class='ocr_line' id='line_1_13' title="bbox 269 2089 1227 2177; baseline -0.002 -22"><span class='ocrx_word' id='word_1_83' title='bbox 269 2092 331 2155; x_wconf 85' lang='lat' dir='ltr'><strong>sius</strong></span> <span class='ocrx_word' id='word_1_84' title='bbox 362 2089 403 2154; x_wconf 93' lang='lat' dir='ltr'><strong>ad</strong></span> <span class='ocrx_word' id='word_1_85' title='bbox 434 2114 523 2177; x_wconf 89' lang='lat' dir='ltr'><strong>opes,</strong></span> <span class='ocrx_word' id='word_1_86' title='bbox 553 2091 680 2156; x_wconf 88' lang='lat' dir='ltr'><strong>fidelius</strong></span> <span class='ocrx_word' id='word_1_87' title='bbox 712 2091 754 2155; x_wconf 87' lang='lat' dir='ltr'><strong>ad</strong></span> <span class='ocrx_word' id='word_1_88' title='bbox 784 2092 931 2176; x_wconf 76' lang='lat' dir='ltr'><strong>gratiam,</strong></span> <span class='ocrx_word' id='word_1_89' title='bbox 960 2092 1157 2158; x_wconf 89' lang='lat' dir='ltr'><strong>commodius</strong></span> <span class='ocrx_word' id='word_1_90' title='bbox 1186 2089 1227 2154; x_wconf 89' lang='lat' dir='ltr'><strong>ad</strong></span> 
     </span>
     <span class='ocr_line' id='line_1_14' title="bbox 269 2192 1226 2277; baseline -0.001 -19"><span class='ocrx_word' id='word_1_91' title='bbox 269 2193 415 2277; x_wconf 81' lang='lat' dir='ltr'><strong>gloriam,</strong></span> <span class='ocrx_word' id='word_1_92' title='bbox 437 2214 498 2255; x_wconf 92' lang='lat' dir='ltr'><strong>non</strong></span> <span class='ocrx_word' id='word_1_93' title='bbox 521 2192 615 2257; x_wconf 84' lang='lat' dir='ltr'><strong>facile</strong></span> <span class='ocrx_word' id='word_1_94' title='bbox 638 2193 740 2257; x_wconf 87' lang='lat' dir='ltr'><strong>video.</strong></span> <span class='ocrx_word' id='word_1_95' title='bbox 787 2192 876 2257; x_wconf 91' lang='lat' dir='ltr'><strong>Nihil</strong></span> <span class='ocrx_word' id='word_1_96' title='bbox 898 2193 980 2258; x_wconf 85' lang='lat' dir='ltr'><strong>eninr</strong></span> <span class='ocrx_word' id='word_1_97' title='bbox 1003 2195 1111 2260; x_wconf 89' lang='lat' dir='ltr'><strong>dotem</strong></span> <span class='ocrx_word' id='word_1_98' title='bbox 1133 2193 1226 2258; x_wconf 91' lang='lat' dir='ltr'><strong>istam</strong></span> 
     </span>
     <span class='ocr_line' id='line_1_15' title="bbox 269 2293 1226 2381; baseline -0.001 -22"><span class='ocrx_word' id='word_1_99' title='bbox 269 2308 392 2359; x_wconf 86' lang='lat' dir='ltr'><strong>oatnrae</strong></span> <span class='ocrx_word' id='word_1_100' title='bbox 416 2307 449 2359; x_wconf 86' lang='lat' dir='ltr'><strong>et</strong></span> <span class='ocrx_word' id='word_1_101' title='bbox 474 2297 589 2379; x_wconf 84' lang='lat' dir='ltr'><strong>gratioe</strong></span> <span class='ocrx_word' id='word_1_102' title='bbox 612 2295 783 2372; x_wconf 86' lang='lat' dir='ltr'><strong>antecedit,</strong></span> <span class='ocrx_word' id='word_1_103' title='bbox 809 2310 865 2361; x_wconf 89' lang='lat' dir='ltr'><strong>aut</strong></span> <span class='ocrx_word' id='word_1_104' title='bbox 888 2317 1005 2360; x_wconf 89' lang='lat' dir='ltr'><strong>rarum.</strong></span> <span class='ocrx_word' id='word_1_105' title='bbox 1060 2293 1226 2381; x_wconf 88' lang='lat' dir='ltr'><strong>Siquidem</strong></span> 
     </span>
     <span class='ocr_line' id='line_1_16' title="bbox 269 2397 1227 2486; baseline 0 -25"><span class='ocrx_word' id='word_1_106' title='bbox 269 2420 369 2484; x_wconf 91' lang='lat' dir='ltr'><strong>quum</strong></span> <span class='ocrx_word' id='word_1_107' title='bbox 394 2397 498 2461; x_wconf 89' lang='lat' dir='ltr'><strong>virtus</strong></span> <span class='ocrx_word' id='word_1_108' title='bbox 517 2410 549 2461; x_wconf 87' lang='lat' dir='ltr'><strong>et</strong></span> <span class='ocrx_word' id='word_1_109' title='bbox 570 2397 736 2482; x_wconf 86' lang='lat' dir='ltr'><strong>sapientia,</strong></span> <span class='ocrx_word' id='word_1_110' title='bbox 757 2423 829 2486; x_wconf 85' lang='lat' dir='ltr'><strong>quoe</strong></span> <span class='ocrx_word' id='word_1_111' title='bbox 847 2399 940 2475; x_wconf 84' lang='lat' dir='ltr'><strong>forte,</strong></span> <span class='ocrx_word' id='word_1_112' title='bbox 959 2399 1041 2463; x_wconf 88' lang='lat' dir='ltr'><strong>sicut</strong></span> <span class='ocrx_word' id='word_1_113' title='bbox 1060 2397 1227 2463; x_wconf 87' lang='lat' dir='ltr'><strong>Victorino</strong></span> 
     </span>
     <span class='ocr_line' id='line_1_17' title="bbox 270 2497 1226 2585; baseline 0.001 -24"><span class='ocrx_word' id='word_1_114' title='bbox 270 2499 384 2583; x_wconf 88' lang='lat' dir='ltr'><strong>placet,</strong></span> <span class='ocrx_word' id='word_1_115' title='bbox 408 2497 515 2563; x_wconf 90' lang='lat' dir='ltr'><strong>verbis</strong></span> <span class='ocrx_word' id='word_1_116' title='bbox 539 2498 647 2583; x_wconf 89' lang='lat' dir='ltr'><strong>potius</strong></span> <span class='ocrx_word' id='word_1_117' title='bbox 671 2521 769 2585; x_wconf 89' lang='lat' dir='ltr'><strong>quam</strong></span> <span class='ocrx_word' id='word_1_118' title='bbox 793 2499 981 2576; x_wconf 83' lang='lat' dir='ltr'><strong>substantia,</strong></span> <span class='ocrx_word' id='word_1_119' title='bbox 1006 2499 1169 2580; x_wconf 85' lang='lat' dir='ltr'><strong>differunt,</strong></span> <span class='ocrx_word' id='word_1_120' title='bbox 1193 2497 1226 2562; x_wconf 92' lang='lat' dir='ltr'><strong>in</strong></span> 
     </span>
     <span class='ocr_line' id='line_1_18' title="bbox 270 2599 1227 2688; baseline -0.002 -23"><span class='ocrx_word' id='word_1_121' title='bbox 270 2602 460 2688; x_wconf 89' lang='lat' dir='ltr'><strong>appetendis</strong></span> <span class='ocrx_word' id='word_1_122' title='bbox 482 2600 559 2664; x_wconf 88' lang='lat' dir='ltr'><strong>locis</strong></span> <span class='ocrx_word' id='word_1_123' title='bbox 584 2601 723 2687; x_wconf 86' lang='lat' dir='ltr'><strong>primum</strong></span> <span class='ocrx_word' id='word_1_124' title='bbox 754 2601 936 2666; x_wconf 85' lang='lat' dir='ltr'><strong>obtineant:</strong></span> <span class='ocrx_word' id='word_1_125' title='bbox 968 2599 1143 2665; x_wconf 85' lang='lat' dir='ltr'><strong>secundum</strong></span> <span class='ocrx_word' id='word_1_126' title='bbox 1168 2599 1227 2664; x_wconf 92' lang='lat' dir='ltr'><strong>sibi</strong></span> 
     </span>
     <span class='ocr_line' id='line_1_19' title="bbox 270 2700 1228 2791; baseline -0.004 -23"><span class='ocrx_word' id='word_1_127' title='bbox 270 2703 454 2791; x_wconf 89' lang='lat' dir='ltr'><strong>eloquentia</strong></span> <span class='ocrx_word' id='word_1_128' title='bbox 475 2702 642 2776; x_wconf 86' lang='lat' dir='ltr'><strong>vendicat;</strong></span> <span class='ocrx_word' id='word_1_129' title='bbox 673 2702 787 2767; x_wconf 89' lang='lat' dir='ltr'><strong>tertius</strong></span> <span class='ocrx_word' id='word_1_130' title='bbox 806 2716 913 2767; x_wconf 91' lang='lat' dir='ltr'><strong>antem</strong></span> <span class='ocrx_word' id='word_1_131' title='bbox 931 2702 1017 2768; x_wconf 85' lang='lat' dir='ltr'><strong>cedit</strong></span> <span class='ocrx_word' id='word_1_132' title='bbox 1033 2702 1121 2765; x_wconf 93' lang='lat' dir='ltr'><strong>locus</strong></span> <span class='ocrx_word' id='word_1_133' title='bbox 1137 2700 1228 2765; x_wconf 85' lang='lat' dir='ltr'><strong>bonis</strong></span> 
     </span>
     <span class='ocr_line' id='line_1_20' title="bbox 271 2800 1228 2890; baseline -0.002 -23"><span class='ocrx_word' id='word_1_134' title='bbox 271 2805 423 2890; x_wconf 88' lang='lat' dir='ltr'><strong>corporis,</strong></span> <span class='ocrx_word' id='word_1_135' title='bbox 437 2807 532 2890; x_wconf 91' lang='lat' dir='ltr'><strong>eique</strong></span> <span class='ocrx_word' id='word_1_136' title='bbox 556 2802 597 2867; x_wconf 91' lang='lat' dir='ltr'><strong>ad</strong></span> <span class='ocrx_word' id='word_1_137' title='bbox 617 2804 781 2868; x_wconf 88' lang='lat' dir='ltr'><strong>materiam</strong></span> <span class='ocrx_word' id='word_1_138' title='bbox 802 2802 1025 2887; x_wconf 79' lang='lat' dir='ltr'><strong>gerendorum,</strong></span> <span class='ocrx_word' id='word_1_139' title='bbox 1044 2800 1228 2867; x_wconf 87' lang='lat' dir='ltr'><strong>cohabitan-</strong></span> 
     </span>
     <span class='ocr_line' id='line_1_21' title="bbox 273 2904 1228 2993; baseline 0 -22"><span class='ocrx_word' id='word_1_140' title='bbox 273 2907 350 2971; x_wconf 88' lang='lat' dir='ltr'><strong>tium</strong></span> <span class='ocrx_word' id='word_1_141' title='bbox 372 2906 477 2983; x_wconf 86' lang='lat' dir='ltr'><strong>lavor,</strong></span> <span class='ocrx_word' id='word_1_142' title='bbox 498 2921 531 2970; x_wconf 90' lang='lat' dir='ltr'><strong>et</strong></span> <span class='ocrx_word' id='word_1_143' title='bbox 556 2927 662 2970; x_wconf 87' lang='lat' dir='ltr'><strong>rerum</strong></span> <span class='ocrx_word' id='word_1_144' title='bbox 686 2905 788 2993; x_wconf 90' lang='lat' dir='ltr'><strong>eopia,</strong></span> <span class='ocrx_word' id='word_1_145' title='bbox 809 2920 924 2993; x_wconf 89' lang='lat' dir='ltr'><strong>quarto</strong></span> <span class='ocrx_word' id='word_1_146' title='bbox 949 2905 1018 2970; x_wconf 93' lang='lat' dir='ltr'><strong>loco</strong></span> <span class='ocrx_word' id='word_1_147' title='bbox 1042 2904 1228 2971; x_wconf 88' lang='lat' dir='ltr'><strong>succedunt.</strong></span> 
     </span>
     <span class='ocr_line' id='line_1_22' title="bbox 275 3005 1229 3092; baseline -0.004 -21"><span class='ocrx_word' id='word_1_148' title='bbox 275 3008 466 3073; x_wconf 85' lang='lat' dir='ltr'><strong>Secutuaest</strong></span> <span class='ocrx_word' id='word_1_149' title='bbox 477 3009 562 3073; x_wconf 94' lang='lat' dir='ltr'><strong>hunc</strong></span> <span class='ocrx_word' id='word_1_150' title='bbox 572 3007 712 3072; x_wconf 89' lang='lat' dir='ltr'><strong>ordinem</strong></span> <span class='ocrx_word' id='word_1_151' title='bbox 725 3009 873 3086; x_wconf 88' lang='lat' dir='ltr'><strong>Etbicus‚</strong></span> <span class='ocrx_word' id='word_1_152' title='bbox 883 3022 1097 3092; x_wconf 89' lang='lat' dir='ltr'><strong>votorumque</strong></span> <span class='ocrx_word' id='word_1_153' title='bbox 1107 3005 1229 3083; x_wconf 90' lang='lat' dir='ltr'><strong>seriem,</strong></span> 
     </span>
     <span class='ocr_line' id='line_1_23' title="bbox 275 3110 1067 3199; baseline -0.001 -26"><span class='ocrx_word' id='word_1_154' title='bbox 275 3110 308 3174; x_wconf 91' lang='lat' dir='ltr'><strong>in</strong></span> <span class='ocrx_word' id='word_1_155' title='bbox 322 3110 434 3174; x_wconf 89' lang='lat' dir='ltr'><strong>ordine</strong></span> <span class='ocrx_word' id='word_1_156' title='bbox 447 3110 710 3199; x_wconf 85' lang='lat' dir='ltr'><strong>expetendorum,</strong></span> <span class='ocrx_word' id='word_1_157' title='bbox 726 3110 887 3194; x_wconf 86' lang='lat' dir='ltr'><strong>eleganter</strong></span> <span class='ocrx_word' id='word_1_158' title='bbox 901 3110 1067 3195; x_wconf 85' lang='lat' dir='ltr'><strong>expressit.</strong></span> 
     </span>
    </p>
   </div>
   <div class='ocr_carea' id='block_1_3' title="bbox 382 3243 1052 3567">
    <p class='ocr_par' dir='ltr' id='par_1_3' title="bbox 382 3243 1052 3567">
     <span class='ocr_line' id='line_1_24' title="bbox 382 3243 990 3316; baseline -0.003 -20"><span class='ocrx_word' id='word_1_159' title='bbox 382 3244 451 3306; x_wconf 85' lang='lat' dir='ltr'><strong>Quid</strong></span> <span class='ocrx_word' id='word_1_160' title='bbox 461 3251 552 3298; x_wconf 84' lang='lat' dir='ltr'><strong>voveat</strong></span> <span class='ocrx_word' id='word_1_161' title='bbox 564 3245 632 3298; x_wconf 89' lang='lat' dir='ltr'><strong>dulci</strong></span> <span class='ocrx_word' id='word_1_162' title='bbox 643 3245 771 3297; x_wconf 88' lang='lat' dir='ltr'><strong>nutricula</strong></span> <span class='ocrx_word' id='word_1_163' title='bbox 782 3245 865 3316; x_wconf 88' lang='lat' dir='ltr'><strong>majos</strong></span> <span class='ocrx_word' id='word_1_164' title='bbox 877 3243 990 3306; x_wconf 87' lang='lat' dir='ltr'><strong>alumno,</strong></span> 
     </span>
     <span class='ocr_line' id='line_1_25' title="bbox 384 3329 1052 3402; baseline -0.004 -19"><span class='ocrx_word' id='word_1_165' title='bbox 384 3331 468 3393; x_wconf 82' lang='lat' dir='ltr'><strong>Quam</strong></span> <span class='ocrx_word' id='word_1_166' title='bbox 478 3348 579 3402; x_wconf 80' lang='lat' dir='ltr'><strong>sapere,</strong></span> <span class='ocrx_word' id='word_1_167' title='bbox 592 3339 620 3384; x_wconf 85' lang='lat' dir='ltr'><strong>et</strong></span> <span class='ocrx_word' id='word_1_168' title='bbox 631 3330 680 3383; x_wconf 88' lang='lat' dir='ltr'><strong>fari</strong></span> <span class='ocrx_word' id='word_1_169' title='bbox 691 3332 773 3402; x_wconf 84' lang='lat' dir='ltr'><strong>possit</strong></span> <span class='ocrx_word' id='word_1_170' title='bbox 784 3347 844 3400; x_wconf 82' lang='lat' dir='ltr'><strong>quae</strong></span> <span class='ocrx_word' id='word_1_171' title='bbox 854 3331 959 3392; x_wconf 83' lang='lat' dir='ltr'><strong>sentiat,</strong></span> <span class='ocrx_word' id='word_1_172' title='bbox 972 3334 1000 3381; x_wconf 85' lang='lat' dir='ltr'><strong>et</strong></span> <span class='ocrx_word' id='word_1_173' title='bbox 1010 3329 1052 3381; x_wconf 90' lang='lat' dir='ltr'><strong>cui</strong></span> 
     </span>
     <span class='ocr_line' id='line_1_26' title="bbox 383 3413 985 3483; baseline -0.002 -17"><span class='ocrx_word' id='word_1_174' title='bbox 383 3414 482 3479; x_wconf 83' lang='lat' dir='ltr'><strong>Gratia,</strong></span> <span class='ocrx_word' id='word_1_175' title='bbox 493 3414 572 3481; x_wconf 81' lang='lat' dir='ltr'><strong>fama,</strong></span> <span class='ocrx_word' id='word_1_176' title='bbox 584 3415 715 3480; x_wconf 85' lang='lat' dir='ltr'><strong>valetudo,</strong></span> <span class='ocrx_word' id='word_1_177' title='bbox 728 3417 862 3483; x_wconf 75' lang='lat' dir='ltr'><strong>contingat</strong></span> <span class='ocrx_word' id='word_1_178' title='bbox 874 3413 985 3478; x_wconf 89' lang='lat' dir='ltr'><strong>abunde,</strong></span> 
     </span>
     <span class='ocr_line' id='line_1_27' title="bbox 382 3500 997 3567; baseline -0.002 -14"><span class='ocrx_word' id='word_1_179' title='bbox 382 3500 539 3554; x_wconf 67' lang='lat' dir='ltr'><strong>otmundus</strong></span> <span class='ocrx_word' id='word_1_180' title='bbox 551 3503 644 3567; x_wconf 89' lang='lat' dir='ltr'><strong>victus,</strong></span> <span class='ocrx_word' id='word_1_181' title='bbox 656 3519 708 3554; x_wconf 92' lang='lat' dir='ltr'><strong>non</strong></span> <span class='ocrx_word' id='word_1_182' title='bbox 720 3500 857 3554; x_wconf 84' lang='lat' dir='ltr'><strong>deficiente</strong></span> <span class='ocrx_word' id='word_1_183' title='bbox 869 3518 997 3553; x_wconf 86' lang='lat' dir='ltr'><strong>crumena.</strong></span> 
     </span>
    </p>
   </div>
   <div class='ocr_carea' id='block_1_4' title="bbox 274 3619 1232 4212">
    <p class='ocr_par' dir='ltr' id='par_1_4' title="bbox 274 3619 1232 4212">
     <span class='ocr_line' id='line_1_28' title="bbox 279 3619 1230 3707; baseline 0.002 -23"><span class='ocrx_word' id='word_1_184' title='bbox 279 3619 311 3684; x_wconf 89' lang='lat' dir='ltr'><strong>Si</strong></span> <span class='ocrx_word' id='word_1_185' title='bbox 333 3643 422 3707; x_wconf 84' lang='lat' dir='ltr'><strong>ergo,</strong></span> <span class='ocrx_word' id='word_1_186' title='bbox 445 3620 536 3685; x_wconf 89' lang='lat' dir='ltr'><strong>verbi</strong></span> <span class='ocrx_word' id='word_1_187' title='bbox 557 3632 589 3685; x_wconf 88' lang='lat' dir='ltr'><strong>et</strong></span> <span class='ocrx_word' id='word_1_188' title='bbox 612 3620 742 3686; x_wconf 89' lang='lat' dir='ltr'><strong>rationis</strong></span> <span class='ocrx_word' id='word_1_189' title='bbox 769 3643 840 3702; x_wconf 89' lang='lat' dir='ltr'><strong>usu,</strong></span> <span class='ocrx_word' id='word_1_190' title='bbox 861 3620 995 3684; x_wconf 90' lang='lat' dir='ltr'><strong>aliorum</strong></span> <span class='ocrx_word' id='word_1_191' title='bbox 1022 3619 1230 3686; x_wconf 89' lang='lat' dir='ltr'><strong>animantium</strong></span> 
     </span>
     <span class='ocr_line' id='line_1_29' title="bbox 277 3721 1231 3809; baseline -0.002 -24"><span class='ocrx_word' id='word_1_192' title='bbox 277 3735 436 3797; x_wconf 88' lang='lat' dir='ltr'><strong>naturam,</strong></span> <span class='ocrx_word' id='word_1_193' title='bbox 457 3721 598 3786; x_wconf 86' lang='lat' dir='ltr'><strong>humana</strong></span> <span class='ocrx_word' id='word_1_194' title='bbox 623 3722 764 3807; x_wconf 85' lang='lat' dir='ltr'><strong>dignitas</strong></span> <span class='ocrx_word' id='word_1_195' title='bbox 788 3721 954 3802; x_wconf 88' lang='lat' dir='ltr'><strong>antecedit,</strong></span> <span class='ocrx_word' id='word_1_196' title='bbox 978 3722 1056 3809; x_wconf 91' lang='lat' dir='ltr'><strong>quid</strong></span> <span class='ocrx_word' id='word_1_197' title='bbox 1082 3721 1231 3787; x_wconf 90' lang='lat' dir='ltr'><strong>conduci·</strong></span> 
     </span>
     <span class='ocr_line' id='line_1_30' title="bbox 277 3821 1231 3909; baseline 0.001 -23"><span class='ocrx_word' id='word_1_198' title='bbox 277 3821 371 3888; x_wconf 87' lang='lat' dir='ltr'><strong>bilius</strong></span> <span class='ocrx_word' id='word_1_199' title='bbox 401 3821 443 3885; x_wconf 92' lang='lat' dir='ltr'><strong>ad</strong></span> <span class='ocrx_word' id='word_1_200' title='bbox 472 3823 589 3898; x_wconf 89' lang='lat' dir='ltr'><strong>omnia,</strong></span> <span class='ocrx_word' id='word_1_201' title='bbox 620 3821 698 3909; x_wconf 89' lang='lat' dir='ltr'><strong>quid</strong></span> <span class='ocrx_word' id='word_1_202' title='bbox 729 3821 770 3885; x_wconf 92' lang='lat' dir='ltr'><strong>ad</strong></span> <span class='ocrx_word' id='word_1_203' title='bbox 799 3821 973 3888; x_wconf 89' lang='lat' dir='ltr'><strong>claritatem</strong></span> <span class='ocrx_word' id='word_1_204' title='bbox 1004 3821 1231 3887; x_wconf 90' lang='lat' dir='ltr'><strong>conciliandam</strong></span> 
     </span>
     <span class='ocr_line' id='line_1_31' title="bbox 276 3925 1232 4012; baseline 0.002 -24"><span class='ocrx_word' id='word_1_205' title='bbox 276 3925 450 4009; x_wconf 86' lang='lat' dir='ltr'><strong>potentius,</strong></span> <span class='ocrx_word' id='word_1_206' title='bbox 466 3947 564 4011; x_wconf 89' lang='lat' dir='ltr'><strong>quam</strong></span> <span class='ocrx_word' id='word_1_207' title='bbox 583 3926 617 3989; x_wconf 91' lang='lat' dir='ltr'><strong>iu</strong></span> <span class='ocrx_word' id='word_1_208' title='bbox 633 3948 670 3988; x_wconf 91' lang='lat' dir='ltr'><strong>eo</strong></span> <span class='ocrx_word' id='word_1_209' title='bbox 693 3938 816 3990; x_wconf 72' lang='lat' dir='ltr'><strong>naturae</strong></span> <span class='ocrx_word' id='word_1_210' title='bbox 831 3927 1006 4012; x_wconf 80' lang='lat' dir='ltr'><strong>praevenire</strong></span> <span class='ocrx_word' id='word_1_211' title='bbox 1026 3939 1185 3991; x_wconf 89' lang='lat' dir='ltr'><strong>consortes</strong></span> <span class='ocrx_word' id='word_1_212' title='bbox 1199 3938 1232 3990; x_wconf 90' lang='lat' dir='ltr'><strong>et</strong></span> 
     </span>
     <span class='ocr_line' id='line_1_32' title="bbox 274 4025 1232 4114; baseline 0 -24"><span class='ocrx_word' id='word_1_213' title='bbox 274 4025 410 4113; x_wconf 79' lang='lat' dir='ltr'><strong>generis,</strong></span> <span class='ocrx_word' id='word_1_214' title='bbox 420 4028 454 4091; x_wconf 95' lang='lat' dir='ltr'><strong>in</strong></span> <span class='ocrx_word' id='word_1_215' title='bbox 471 4050 537 4114; x_wconf 93' lang='lat' dir='ltr'><strong>quo</strong></span> <span class='ocrx_word' id='word_1_216' title='bbox 548 4027 634 4091; x_wconf 89' lang='lat' dir='ltr'><strong>solus</strong></span> <span class='ocrx_word' id='word_1_217' title='bbox 649 4027 743 4091; x_wconf 90' lang='lat' dir='ltr'><strong>bomo</strong></span> <span class='ocrx_word' id='word_1_218' title='bbox 754 4041 870 4092; x_wconf 85' lang='lat' dir='ltr'><strong>caetera</strong></span> <span class='ocrx_word' id='word_1_219' title='bbox 881 4029 999 4094; x_wconf 81' lang='lat' dir='ltr'><strong>vincit?</strong></span> <span class='ocrx_word' id='word_1_220' title='bbox 1020 4032 1232 4103; x_wconf 84' lang='lat' dir='ltr'><strong>Haecautem,</strong></span> 
     </span>
     <span class='ocr_line' id='line_1_33' title="bbox 276 4127 1231 4212; baseline -0.004 -20"><span class='ocrx_word' id='word_1_221' title='bbox 276 4149 374 4212; x_wconf 90' lang='lat' dir='ltr'><strong>quum</strong></span> <span class='ocrx_word' id='word_1_222' title='bbox 401 4150 529 4192; x_wconf 90' lang='lat' dir='ltr'><strong>omnem</strong></span> <span class='ocrx_word' id='word_1_223' title='bbox 551 4139 676 4193; x_wconf 83' lang='lat' dir='ltr'><strong>aetatem</strong></span> <span class='ocrx_word' id='word_1_224' title='bbox 701 4127 824 4209; x_wconf 89' lang='lat' dir='ltr'><strong>doceat,</strong></span> <span class='ocrx_word' id='word_1_225' title='bbox 846 4146 878 4193; x_wconf 90' lang='lat' dir='ltr'><strong>et</strong></span> <span class='ocrx_word' id='word_1_226' title='bbox 903 4143 1046 4206; x_wconf 87' lang='lat' dir='ltr'><strong>exornet,</strong></span> <span class='ocrx_word' id='word_1_227' title='bbox 1069 4128 1231 4192; x_wconf 87' lang='lat' dir='ltr'><strong>clariorem</strong></span> 
     </span>
    </p>
   </div>
   <div class='ocr_carea' id='block_1_5' title="bbox 276 4225 1234 4516">
    <p class='ocr_par' dir='ltr' id='par_1_5' title="bbox 276 4225 1234 4516">
     <span class='ocr_line' id='line_1_34' title="bbox 277 4225 1234 4314; baseline -0.003 -24"><span class='ocrx_word' id='word_1_228' title='bbox 277 4225 370 4292; x_wconf 87' lang='lat' dir='ltr'><strong>efficit</strong></span> <span class='ocrx_word' id='word_1_229' title='bbox 382 4228 605 4314; x_wconf 86' lang='lat' dir='ltr'><strong>juventutem:</strong></span> <span class='ocrx_word' id='word_1_230' title='bbox 631 4252 668 4292; x_wconf 91' lang='lat' dir='ltr'><strong>eo</strong></span> <span class='ocrx_word' id='word_1_231' title='bbox 684 4228 770 4314; x_wconf 93' lang='lat' dir='ltr'><strong>quod</strong></span> <span class='ocrx_word' id='word_1_232' title='bbox 783 4243 861 4294; x_wconf 84' lang='lat' dir='ltr'><strong>aetas</strong></span> <span class='ocrx_word' id='word_1_233' title='bbox 876 4231 1011 4293; x_wconf 88' lang='lat' dir='ltr'><strong>tenerior</strong></span> <span class='ocrx_word' id='word_1_234' title='bbox 1026 4228 1139 4312; x_wconf 78' lang='lat' dir='ltr'><strong>gratiae</strong></span> <span class='ocrx_word' id='word_1_235' title='bbox 1154 4248 1234 4310; x_wconf 89' lang='lat' dir='ltr'><strong>quo·</strong></span> 
     </span>
     <span class='ocr_line' id='line_1_35' title="bbox 276 4324 1233 4416; baseline -0.001 -23"><span class='ocrx_word' id='word_1_236' title='bbox 276 4327 449 4394; x_wconf 88' lang='lat' dir='ltr'><strong>dammodo</strong></span> <span class='ocrx_word' id='word_1_237' title='bbox 472 4330 680 4411; x_wconf 85' lang='lat' dir='ltr'><strong>lenocinatur,</strong></span> <span class='ocrx_word' id='word_1_238' title='bbox 706 4345 742 4395; x_wconf 91' lang='lat' dir='ltr'><strong>ut</strong></span> <span class='ocrx_word' id='word_1_239' title='bbox 770 4331 933 4416; x_wconf 87' lang='lat' dir='ltr'><strong>ingenium</strong></span> <span class='ocrx_word' id='word_1_240' title='bbox 959 4329 1115 4394; x_wconf 82' lang='lat' dir='ltr'><strong>vendicet.</strong></span> <span class='ocrx_word' id='word_1_241' title='bbox 1166 4324 1233 4401; x_wconf 90' lang='lat' dir='ltr'><strong>Qui</strong></span> 
     </span>
     <span class='ocr_line' id='line_1_36' title="bbox 278 4428 1234 4516; baseline 0.003 -23"><span class='ocrx_word' id='word_1_242' title='bbox 278 4445 349 4497; x_wconf 89' lang='lat' dir='ltr'><strong>sunt</strong></span> <span class='ocrx_word' id='word_1_243' title='bbox 371 4432 469 4510; x_wconf 89' lang='lat' dir='ltr'><strong>enim,</strong></span> <span class='ocrx_word' id='word_1_244' title='bbox 488 4431 544 4516; x_wconf 92' lang='lat' dir='ltr'><strong>qui</strong></span> <span class='ocrx_word' id='word_1_245' title='bbox 569 4430 679 4497; x_wconf 87' lang='lat' dir='ltr'><strong>florent</strong></span> <span class='ocrx_word' id='word_1_246' title='bbox 695 4432 778 4497; x_wconf 90' lang='lat' dir='ltr'><strong>inter</strong></span> <span class='ocrx_word' id='word_1_247' title='bbox 799 4432 964 4496; x_wconf 86' lang='lat' dir='ltr'><strong>concives?</strong></span> <span class='ocrx_word' id='word_1_248' title='bbox 993 4428 1055 4507; x_wconf 86' lang='lat' dir='ltr'><strong>Qui</strong></span> <span class='ocrx_word' id='word_1_249' title='bbox 1076 4439 1162 4505; x_wconf 88' lang='lat' dir='ltr'><strong>sunt,</strong></span> <span class='ocrx_word' id='word_1_250' title='bbox 1177 4428 1234 4513; x_wconf 87' lang='lat' dir='ltr'><strong>qui</strong></span> 
     </span>
    </p>
   </div>
   <div class='ocr_carea' id='block_1_6' title="bbox 0 0 1517 5592">
    <p class='ocr_par' dir='ltr' id='par_1_6' title="bbox 0 0 1517 5592">
     <span class='ocr_line' id='line_1_37' title="bbox 0 0 1517 5592; baseline 0 0"><span class='ocrx_word' id='word_1_251' title='bbox 0 0 1517 5592; x_wconf 95' lang='lat' dir='ltr'><strong> </strong></span> 
     </span>
    </p>
   </div>
  </div>
 </body>
</html>
