2992 5592
515 824 591 871 rrru
607 827 721 872 saucrr
739 827 868 871 ruoua
885 827 979 872 char.
1155 813 1217 870 373

268 999 399 1060 regnum
424 981 616 1044 Francorum
633 979 787 1059 diligebat
809 990 841 1042 et
854 980 1008 1042 honorem
1031 977 1216 1061 apostolicae

269 1078 362 1140 sedis.
408 1081 578 1142 Miseratus
598 1080 695 1141 etiam
715 1080 901 1160 Anglicanae
923 1078 1069 1141 ecclesiae
1093 1077 1217 1141 desola-

269 1181 399 1252 tionem,
427 1179 606 1242 Willelmus
631 1180 826 1241 Senonensis
849 1178 1048 1241 venerandus
1075 1178 1218 1252 antistes,

268 1281 378 1343 sedem
400 1282 606 1363 apostolicam
630 1281 718 1362 petiit
742 1293 775 1342 et
796 1301 815 1341 a
834 1282 981 1342 Romana
1003 1280 1139 1342 ecclesia
1157 1280 1219 1340 im·

268 1380 413 1460 petravit‚
428 1391 461 1441 ut
478 1401 536 1441 rex
552 1381 724 1459 Anglorum
741 1380 826 1440 omni
844 1379 1057 1461 appellatione
1072 1390 1218 1440 cessante

268 1481 477 1563 subjiceretur
492 1480 685 1543 anathemati
702 1491 734 1542 et
744 1501 876 1557 regnum
888 1479 1066 1554 interdicto,
1080 1479 1218 1561 nisipax

270 1581 510 1643 Cantuariensis
534 1582 679 1645 ecclesiae
706 1580 900 1644 redderetur.
948 1580 1074 1643 Interim
1103 1600 1217 1662 procu·

268 1683 411 1746 rantibus
435 1683 496 1761 his,
519 1684 573 1767 qui
598 1684 744 1746 ecclesiae
767 1705 880 1767 pacem
904 1682 1046 1753 oderant,
1074 1683 1218 1762 Rogerus

267 1785 483 1848 Eboracensis
495 1785 757 1868 archiepiscopus
772 1787 805 1848 in
819 1785 982 1868 provincia
994 1783 1217 1847 Cautuariensi

268 1897 343 1970 post
365 1884 614 1968 prohibitionem
638 1886 761 1949 domini
784 1908 877 1969 papae
900 1896 1009 1949 contra
1030 1884 1218 1966 dignitatem

269 1989 511 2053 (lantuariensis
532 1989 680 2051 ecclesioe
704 2000 737 2052 et
758 1990 921 2072 antiquam
942 1986 1218 2060 consuetudinem,

271 2091 449 2152 Henricum
465 2091 567 2152 filium
585 2092 666 2170 regis
687 2112 839 2154 coronare
859 2092 1049 2175 praesumsit,
1069 2089 1218 2151 assisten-

267 2192 353 2254 tibus
368 2192 429 2253 sibi
446 2193 652 2270 suffraganeis
664 2213 723 2254 nec
734 2194 982 2274 protestantibus
993 2193 1047 2276 jus
1061 2191 1219 2252 Dorober·

270 2293 377 2355 nensis
400 2293 554 2354 ecclesiae.
598 2293 827 2375 Multiplicatis
851 2315 926 2374 ergo
948 2293 1073 2377 injuriis
1095 2302 1128 2355 et
1148 2313 1219 2374 per-

269 2393 365 2454 versis
375 2392 558 2454 hominibus
571 2392 724 2473 patientia
737 2393 856 2456 Christi
866 2415 993 2476 semper
1004 2392 1221 2462 abutentibus,

270 2495 371 2574 magis
387 2516 425 2556 ac
441 2495 542 2575 magis
557 2496 589 2555 in
606 2516 711 2574 regem
728 2505 760 2556 et
775 2516 849 2557 suos
860 2496 1030 2576 multiplex
1045 2504 1077 2555 et
1088 2507 1175 2555 certa
1189 2504 1222 2556 et

269 2597 332 2658 cita
354 2595 561 2658 comminatio
585 2595 790 2676 procedebat.
844 2595 1051 2675 instabatque
1074 2614 1219 2676 peremp-

270 2697 370 2758 torius
393 2695 473 2768 dies,
489 2708 524 2757 ut
547 2695 706 2756 sententia
729 2694 861 2755 ulterius
882 2692 998 2754 differri
1018 2714 1080 2753 non
1100 2704 1220 2775 posset.

270 2800 418 2860 Arctatus
438 2797 544 2878 itaque
566 2816 623 2857 rex
644 2795 809 2857 severitate
831 2795 996 2871 canonica,
1017 2792 1147 2855 tandem
1168 2815 1221 2857 ac·

270 2898 391 2981 quievit
421 2910 455 2959 ut
484 2919 551 2978 pax
586 2895 774 2976 Anglicanae
804 2895 950 2957 ecclesiae
988 2895 1219 2960 reformaretur.

271 2998 382 3077 Regna
398 2997 506 3078 itaque
522 2995 631 3076 gavisa
646 3005 731 3069 sunt,
750 2993 878 3056 cunctis
899 2993 1105 3056 credentibus
1124 3014 1222 3074 nego·

272 3098 350 3161 tium
368 3097 475 3180 potius
491 3097 643 3158 veraciter
658 3095 706 3176 agi
722 3117 819 3176 qoam
830 3096 961 3176 concipi
977 3096 1141 3157 simulate:
1164 3093 1222 3157 sed

271 3197 349 3281 quid
360 3197 731 3279 agereturaquibusdam
741 3197 786 3258 rei
799 3196 905 3257 exitus
913 3195 1094 3257 declaravit.
1110 3194 1220 3257 Ponti·

270 3299 324 3358 lex
340 3299 424 3358 enirn
440 3298 570 3370 Christi,
586 3318 627 3357 ox
641 3295 703 3357 lide
721 3317 778 3357 sua
790 3294 925 3356 metiens
937 3295 1028 3368 alios,
1043 3293 1083 3356 de
1096 3304 1222 3356 contra·

270 3397 421 3459 bentibus
451 3419 560 3459 secum
590 3397 721 3458 meliora
750 3396 908 3477 sperabat.
954 3395 999 3456 Et
1028 3396 1103 3457 licet
1129 3394 1220 3457 multi

272 3497 493 3559 dissuaderent
515 3517 557 3558 ne
579 3496 681 3557 redire
697 3504 912 3578 praesumeret,
935 3491 997 3555 nisi
1018 3515 1083 3576 pax
1100 3495 1220 3558 certius

271 3598 455 3671 firmaretur,
478 3596 655 3676 periculum
683 3606 787 3656 tamen
809 3603 953 3656 metuens
972 3595 1157 3670 animarum,
1178 3595 1220 3658 ad

270 3696 1224 3781 ecclesiamsuamregesibipraestanteconductum,septimo

272 3797 362 3861 exilii
378 3815 462 3857 anno
480 3816 620 3857 reversus
635 3806 692 3873 est,
708 3808 739 3859 et
756 3818 774 3858 a
789 3799 875 3859 clero
891 3809 922 3860 et
941 3800 1063 3881 populo
1075 3813 1222 3882 receptus

271 3914 423 3981 tanquam
440 3898 573 3988 angelus
589 3898 729 3961 Domini.
775 3901 880 3970 Quum
894 3922 966 3962 vero
979 3901 1127 3963 dominus
1138 3921 1223 3983 papa

272 3996 511 4082 praefatamjam
525 3996 602 4060 dicti
616 3998 832 4063 Eboracensis
845 4012 877 4063 et
887 4002 1111 4081 episcoporum
1125 4000 1179 4082 qui
1192 4001 1222 4063 ei

272 4099 458 4162 adstiterant
467 4102 735 4181 praesumtionem,
752 4113 864 4164 sancto
876 4101 1002 4160 Thoma
1013 4101 1222 4182 conquirente

272 4200 437 4277 audiisset,
465 4213 527 4263 tam
554 4203 789 4263 Eboraconsem
817 4199 1093 4281 archiepiscopum
1126 4222 1220 4284 quarn

274 4301 417 4362 faventes
431 4302 459 4361 ei
477 4301 648 4382 episcopos
664 4299 704 4361 ab
720 4300 896 4382 episcopali
917 4299 1083 4381 suspendit
1105 4303 1222 4377 officio,

274 4411 305 4461 et
330 4402 508 4464 Gilbertum
536 4398 790 4463 londoniensem
813 4413 844 4462 ct
866 4401 1048 4462 Jocclinum
1072 4401 1223 4464 Saresbc«
