2992 5592
163 832 227 880 om.
243 812 313 894 1110]
547 826 793 874 uurmomcns.
1052 816 1113 876 128

159 993 190 1049 et
201 984 408 1058 diversivoca,
423 997 497 1064 qum
519 975 676 1043 Boethius
696 976 817 1062 adjicit,
833 975 936 1063 magis
949 979 991 1043 ad
1004 1001 1112 1065 gram.

157 1083 304 1151 medam
319 1079 494 1169 pertinent.
538 1082 721 1146 Mollioooo
734 1097 843 1145 autem
858 1092 943 1158 sunt,
959 1104 1060 1170 quum
1075 1083 1109 1148 in

156 1185 298 1274 ejusdem
332 1181 379 1248 rei
416 1181 618 1246 intellectum
653 1191 688 1245 et
719 1180 981 1260 nominationem,
1018 1183 1112 1272 plura

157 1289 252 1355 rerba
264 1294 478 1352 oonoumunt:
501 1294 547 1360 ut,
562 1286 660 1362 ontio,
675 1305 796 1361 moero,
808 1287 950 1368 mediae.
995 1290 1112 1356 Dim.

158 1396 273 1472 siooeo,
293 1408 372 1477 quoe
393 1407 501 1468 sensu,
522 1395 556 1449 et
577 1404 656 1449 voee
677 1383 803 1449 diveraa
823 1397 910 1450 sunt:
939 1398 976 1451 ut
996 1392 1113 1469 Hosto,

159 1496 268 1579 lapis.
314 1488 491 1556 Rationem
510 1507 587 1556 vero
608 1485 846 1567 indifferentia,
866 1509 964 1574 qnam
987 1510 1114 1577 semper

158 1593 384 1682 approbamus,
399 1590 483 1656 liber
502 1588 563 1655 itte
584 1588 791 1653 commendat
804 1611 873 1674 prae
887 1589 1030 1660 caeteris:
1052 1593 1113 1658 etsi

159 1697 279 1785 ubique
308 1694 482 1781 diligenter
510 1691 704 1779 inspicienti,
734 1691 905 1757 manifesta
932 1691 983 1760 sit.
1035 1694 1114 1780 Agit

159 1799 243 1865 enim
269 1819 361 1864 nuno
385 1797 428 1862 de
449 1793 714 1882 significantibus,
739 1815 828 1858 nuno
853 1794 895 1859 do
918 1795 1114 1880 signifiealis,

160 1901 360 1989 aliorumque
374 1898 554 1966 doctrinam
569 1897 647 1963 feeit
660 1895 845 1964 nominibus
858 1896 1004 1968 aliorum.
1032 1900 1116 1966 Sunt

160 2004 212 2092 qui
227 2003 349 2069 libmm
363 2002 472 2079 istum,
482 1999 637 2089 quoniam
651 1999 878 2066 elementarius
892 2012 951 2081 est,
966 2001 1113 2070 inutilem

161 2106 224 2172 iere
238 2105 365 2184 dicunt,
380 2114 414 2170 st
428 2102 504 2170 satis
517 2125 587 2169 essa
601 2112 717 2190 putant
731 2104 773 2168 ad
787 2104 1056 2190 persuadendum,
1068 2128 1115 2190 se,

160 2208 191 2274 in
206 2197 377 2274 dialectiea
396 2206 576 2293 discipline,
599 2221 634 2271 et
651 2205 840 2292 apodictica,
859 2229 928 2274 esee
947 2209 1115 2296 perlectos,

161 2308 453 2397 sioontempserint
468 2308 519 2374 vel
539 2308 755 2393 ignoraverint
775 2308 841 2388 illa,
860 2332 935 2399 quoe
953 2312 988 2377 in
1010 2313 1115 2399 primo

160 2423 341 2478 nommanto
356 2433 454 2498 super
475 2409 698 2497 Porphyrium,
714 2423 887 2500 antequam
901 2414 979 2481 artis
992 2415 1115 2503 aliquid

160 2516 343 2602 attingatm,
358 2514 455 2580 dooet
470 2513 625 2580 Boethius
645 2514 860 2600 praelegenda.
905 2516 1019 2602 Longe
1033 2517 1114 2583 milui

161 2617 222 2684 alie
246 2638 340 2683 mens
365 2628 425 2699 est,
449 2637 511 2682 neo
536 2615 630 2681 video
655 2618 827 2704 quomodo,
854 2618 922 2683 sino
948 2618 1019 2696 isto,
1042 2619 1115 2706 quis

161 2717 374 2807 magisposiit
394 2740 464 2784 essa
485 2718 731 2806 legionarium
753 2719 822 2784 sino
842 2719 942 2786 literis
960 2719 1115 2786 literatus

165 2821 249 2887 Hinc
265 2821 354 2887 enim
376 2819 455 2908 quid
477 2820 510 2886 in
534 2821 629 2886 rebus
643 2821 813 2907 singulare,
829 2820 908 2909 quid
926 2820 1115 2900 universale,

165 2923 241 3012 quid
267 2923 457 3001 substantia,
480 2922 558 3011 quid
582 2924 740 3006 accidens,
763 2924 841 3010 quid
863 2923 896 2989 in
918 2923 1118 2991 sermonibus

166 3027 341 3116 aquirooe,
357 3026 436 3114 quid
454 3026 601 3106 univoce,
623 3027 702 3115 quid
720 3027 959 3093 denominativa
981 3027 1116 3107 dinami,

166 3129 371 3217 oouspiouum
397 3140 456 3195 est.
514 3129 603 3194 Hinc
628 3128 902 3215 incomplexorum
928 3128 1118 3215 significatio

164 3230 352 3298 innotescit:
390 3231 465 3297 bino
495 3232 670 3298 motiseime
705 3230 957 3316 investigationis
985 3232 1118 3300 dotetur

165 3333 291 3400 modus:
314 3333 391 3398 bina
404 3333 448 3399 ad
465 3334 588 3400 notitiae
608 3332 838 3419 perlectionem
858 3334 962 3422 prima
981 3345 1016 3402 et
1034 3335 1118 3404 dilu-

165 3436 235 3503 eida
257 3447 349 3524 patet
369 3436 430 3505 via.
477 3437 645 3525 Siquidem
671 3437 712 3504 ed
734 3437 915 3508 habendam
941 3439 1117 3529 perfectam

165 3539 317 3628 cujusquo
340 3540 388 3605 rei
405 3541 564 3624 notitiam,
587 3541 810 3628 Peripateticae
832 3543 1020 3632 disciplinae,
1042 3566 1117 3632 quoe

166 3641 198 3706 in
218 3642 464 3728 investigatione
484 3645 554 3710 vari
576 3643 709 3723 laborat,
730 3667 799 3731 prm
823 3647 947 3712 conteris
969 3646 1119 3714 videntur

166 3743 225 3810 ista
248 3744 404 3814 sufficere.
451 3746 560 3811 Primo
586 3747 718 3834 quidem
742 3769 834 3814 nosse
860 3751 901 3815 de
930 3751 1039 3839 aliquo
1064 3753 1119 3815 An

165 3848 374 3925 eit-'deindo
395 3852 485 3932 quid,
507 3853 614 3934 monle,
637 3860 810 3935 quantum,
832 3857 876 3919 od
895 3857 1031 3939 aliquid,
1051 3855 1119 3932 noi,

166 3952 295 4032 quando
307 3953 362 4026 eit,
377 3954 530 4032 quomodo
546 3954 657 4032 situm
671 3955 752 4036 quid
764 3956 888 4031 habeat,
900 3959 1019 4039 faeiat,
1030 3956 1119 4036 poti·

168 4059 251 4118 otnr.
294 4049 475 4115 Novissime
488 4053 663 4138 speculatio
678 4065 727 4118 est
741 4053 774 4117 in
789 4060 930 4140 angulis
943 4077 1045 4139 quare
1057 4057 1118 4117 sit:

167 4164 199 4218 et
218 4175 294 4241 quoe
313 4154 385 4238 jam
408 4173 471 4217 uon
493 4155 590 4220 modo
609 4157 651 4221 ad
667 4156 859 4243 Angelioam
878 4155 1118 4243 perlectionem,

168 4255 221 4321 sed
246 4253 431 4321 additium
455 4257 628 4342 majestatie
650 4260 892 4345 praerogntivam
916 4251 1057 4320 aceedit:
1089 4254 1119 4318 ei

169 4378 307 4447 nomque
332 4356 393 4422 soli
420 4378 525 4424 rerum
555 4361 699 4426 omnium
730 4384 826 4426 cansa
854 4355 1004 4436 innotuit,
1029 4355 1120 4442 cujus

171 4459 316 4528 voluntas
331 4457 476 4525 omnium
491 4462 644 4548 primaeva
664 4474 832 4543 causaest,
846 4473 879 4526 et
894 4458 949 4546 qui
964 4471 1121 4545 quatenus
1186 4529 1189 4534 ,
