2992 5592
267 798 309 856 88
507 811 644 855 Josurus
659 810 937 856 saanssaruausrs
1079 795 1162 875 [nra.
1176 813 1211 858 11.

266 964 328 1026 Est
351 973 457 1024 autem
479 960 605 1045 positio,
621 961 728 1047 opinio
746 974 897 1026 extranea
915 961 1053 1048 alicujus
1067 976 1211 1028 notorum

267 1063 439 1126 secundum
451 1061 695 1148 philosophiam,
707 1076 743 1128 ut
755 1064 904 1150 quoniam
916 1067 1024 1129 omnia
1035 1079 1215 1143 moventur,

265 1163 352 1250 quod
378 1165 570 1239 Heraclitus,
586 1177 643 1228 aut
663 1186 762 1227 unum
785 1179 834 1227 est
856 1168 935 1239 Eua,
951 1165 1042 1251 quod
1067 1165 1213 1230 Melissus

266 1263 390 1330 statuit.
436 1264 555 1329 Nullus
576 1266 674 1342 enim,
696 1265 753 1351 qui
776 1278 915 1329 mentem
937 1267 1065 1347 habeat,
1081 1265 1214 1331 deducet

265 1366 298 1430 iu
321 1363 541 1450 quaestionem,
559 1365 646 1450 quod
662 1365 741 1429 nulli
758 1365 917 1442 rideatur,
932 1389 990 1431 nec
1009 1367 1101 1453 quod
1116 1369 1213 1431 omni·

266 1468 328 1532 bus
350 1464 550 1531 manifestum
573 1480 633 1547 ast,
655 1478 711 1530 aut
734 1465 794 1543 his,
817 1490 956 1554 quorum
972 1468 1135 1554 judicium
1158 1467 1212 1532 ob-

266 1569 357 1634 tinet.
392 1569 473 1632 Nam
487 1568 555 1633 hac
566 1591 628 1631 nou
641 1567 757 1632 habeut
770 1567 1019 1634 dubitationem:
1042 1569 1098 1632 illa
1107 1582 1210 1633 autem

266 1692 359 1734 nemo
385 1683 491 1756 ponet.
537 1668 692 1747 Quocirca
718 1668 836 1733 nullam
867 1667 1047 1733 liberalium
1078 1667 1213 1754 discipli-

266 1794 379 1835 narum
403 1770 560 1835 utiliorem
581 1794 647 1834 esse
669 1769 868 1847 crediderim,
882 1793 978 1855 quam
996 1770 1102 1848 istam,
1117 1792 1213 1856 aqua

266 1873 299 1936 iu
319 1895 427 1936 omnes
449 1871 659 1957 philosophiae
680 1884 786 1957 partes
805 1869 907 1935 facilis
926 1886 958 1937 et
973 1872 1052 1936 felix
1072 1885 1120 1936 est
1143 1894 1213 1958 pro-

264 1996 388 2038 cessus:
414 1972 453 2036 ad
470 1971 588 2035 nullam
603 1976 685 2037 enim
702 1973 867 2038 scientiam
882 1972 1043 2039 invenitur
1057 1974 1210 2049 infirmus,

265 2073 315 2137 cui
331 2071 509 2157 probabilia
524 2072 737 2137 innotescunt.

264 2249 343 2331 Cap.
362 2253 411 2311 16,
437 2246 533 2320 Quod
543 2267 648 2310 omnes
662 2250 722 2311 alii
734 2251 926 2331 professores
939 2251 1040 2330 hujus
1055 2253 1213 2316 Aristoteli

675 2350 804 2413 cedunt.

309 2496 409 2557 unns
432 2490 562 2579 quidem
585 2491 761 2558 manifestas
782 2493 910 2558 videtur
931 2495 1073 2572 insania,
1093 2496 1140 2559 illi
1160 2496 1211 2560 de-

265 2597 389 2661 trahere
403 2594 590 2681 disciplina,
605 2617 679 2681 quae
702 2617 811 2657 omues
832 2594 910 2659 alias
932 2595 1075 2677 iustruit,
1088 2611 1122 2663 et
1144 2599 1210 2663 sine

264 2698 358 2782 cujus
372 2695 524 2762 beneficio
539 2695 646 2761 nullus
661 2707 745 2760 recte
762 2695 1058 2781 investigationibus
1072 2698 1211 2785 physicis

266 2798 418 2885 procedit.
454 2797 655 2882 scripserunt
663 2794 705 2858 de
716 2818 754 2858 ea
766 2795 981 2882 quamplures,
992 2811 1025 2862 et
1036 2797 1068 2862 hi
1080 2798 1209 2885 quidem

265 2901 346 2965 sicut
361 2898 545 2975 acutissimi,
561 2897 605 2962 ita
626 2910 658 2961 et
680 2896 914 2982 diligentissimi
936 2899 1211 2985 philosophorum,

265 3025 345 3087 quos
359 3023 466 3066 omnes
488 2996 676 3085 reprehendi
698 2996 803 3082 palam
823 3012 871 3063 est
893 3000 934 3063 ab
957 2999 1017 3077 his,
1032 3002 1091 3087 qui
1113 3017 1210 3069 artem

265 3103 347 3168 hanc
361 3102 577 3166 criminantur.
622 3098 726 3164 Studii
741 3120 878 3185 namque
896 3101 1061 3181 detractio,
1075 3105 1214 3169 auctoris

265 3204 446 3270 indubitata
460 3200 638 3266 criminatio
652 3211 708 3265 est.
755 3201 866 3263 Unum
882 3201 956 3276 scio,
973 3202 1062 3288 quod
1078 3204 1213 3269 Cornifi.

265 3310 348 3370 cium
364 3307 532 3389 posteritas
547 3301 609 3365 illis
629 3322 827 3387 nequaquam
844 3301 1010 3385 praeleret:
1034 3326 1109 3369 nam
1127 3306 1213 3370 Aris-

266 3404 387 3483 toteles,
428 3402 593 3486 Apuleius,
635 3403 760 3481 Cicero,
798 3403 1006 3488 Porphyrius,
1048 3408 1213 3483 Boethius,

265 3507 477 3589 Augustinus,
491 3513 526 3566 ut
550 3499 743 3578 Eudemum,
760 3503 988 3580 Alexandrum,
1012 3507 1214 3592 Theophras-

265 3618 347 3680 tum,
378 3616 410 3667 et
439 3600 520 3666 alios
548 3605 744 3685 expositores
774 3617 895 3669 taceam
930 3609 1077 3691 (quorum
1108 3623 1211 3673 tamen

265 3704 397 3770 celebris
411 3699 513 3787 gloria
528 3705 590 3784 est)
603 3723 711 3766 omnes
722 3707 802 3770 artis
817 3704 923 3791 hujus,
934 3706 1022 3772 velut
1038 3709 1214 3794 triumpha-

266 3806 365 3883 tricis,
382 3806 464 3869 inter
486 3802 563 3867 alias
584 3802 699 3887 grandi
721 3807 878 3891 praeconio
899 3830 1028 3872 erexere
1051 3809 1213 3876 vexillum.

267 3910 329 3976 Sed
352 3931 453 3996 quum
469 3905 585 3992 singuli
608 3909 671 3972 suis
694 3913 815 3974 meritis
835 3910 1034 3996 splendeant,
1051 3935 1162 3978 omnes
1183 3938 1214 3978 se

266 4011 444 4078 Aristotelis
459 4010 590 4074 adorare
607 4009 738 4092 vestigia
751 4010 948 4095 gloriantur:
972 4013 1054 4077 adeo
1074 4015 1215 4100 quidem,

266 4130 303 4181 ut
332 4134 498 4179 commune
527 4110 667 4175 omnium
697 4110 958 4197 philosophorum
987 4136 1103 4178 uomcn
1130 4137 1216 4199 pm·

265 4220 440 4282 eminentia
465 4216 603 4298 quadam
629 4211 689 4276 sibi
718 4215 881 4298 proprium
907 4213 1029 4279 fecerit.
1076 4220 1161 4281 Nam
1186 4235 1217 4282 et

264 4321 507 4398 antonomatice,
518 4315 550 4379 id
562 4328 621 4391 est,
633 4313 834 4390 excellenter,
851 4322 860 4350 ‘
873 4315 1096 4401 philosophus'
1108 4318 1215 4407 appel-

265 4422 359 4484 latur.
