2992 5592
401 709 443 766 36
661 719 800 765 somnus
816 719 1095 765 sauasanarsusrs
1233 702 1314 781 [arn.
1328 721 1348 764 1.

399 871 578 947 diversitas,
601 870 682 935 sicut
705 870 966 957 proprietatibus,
996 869 1094 932 sicet
1118 869 1284 934 vocabulis
1305 871 1347 933 in·

400 971 519 1056 signiri.
552 972 632 1036 Inde
646 995 722 1055 ergo
735 974 831 1056 (sicut
845 970 1000 1034 Boethius
1012 983 1125 1033 auctor
1136 976 1196 1052 est)
1207 968 1347 1054 contigit,

398 1082 436 1136 ut
450 1077 507 1137 hoc
521 1082 648 1138 vocetur
670 1078 769 1150 bomn,
792 1075 873 1137 illud
893 1076 1030 1154 lignum,
1050 1075 1145 1136 uliud
1162 1095 1237 1136 uero
1251 1077 1348 1154 Iapis:

398 1184 429 1235 et
452 1172 495 1237 sic
518 1174 703 1238 substantiis
723 1174 884 1249 omnibus,
907 1195 964 1234 sua
985 1172 1077 1256 quasi
1100 1175 1258 1257 impressa
1279 1184 1348 1236 suut

398 1275 535 1338 nomina.
555 1274 617 1339 Sed
625 1279 775 1361 quoniam
787 1278 929 1360 ipsarum
942 1271 1052 1336 multa¹
1062 1285 1136 1337 sunt
1147 1273 1345 1337 differentiae:

396 1374 468 1438 aliae
497 1375 628 1460 quidem
653 1398 672 1437 a
694 1375 886 1461 quantitate,
909 1373 979 1436 aliae
1000 1396 1019 1436 a
1040 1374 1209 1458 qualitate,
1233 1375 1304 1438 alioe
1330 1399 1348 1438 a

397 1476 494 1538 variis
516 1474 726 1540 accidentium
758 1472 888 1537 formis:
921 1473 997 1535 item
1026 1472 1098 1536 aliae
1124 1473 1165 1536 ab
1195 1474 1256 1554 his,
1278 1497 1347 1560 quae

397 1573 602 1638 familiariora
642 1589 728 1654 sunt,
769 1586 801 1637 et
842 1572 951 1655 adesse
991 1571 1194 1637 conducunt:
1234 1574 1348 1640 idcirco

396 1677 518 1760 quibus
541 1676 601 1738 boc
623 1674 853 1757 designaretur,
877 1672 1004 1736 nomina
1025 1685 1100 1736 sunt
1123 1675 1255 1739 inventa
1276 1700 1346 1761 quae

396 1789 524 1859 possent
539 1773 633 1858 adjici
649 1773 868 1846 substantivis,
888 1785 1044 1836 eteorum
1066 1773 1128 1835 vim
1148 1786 1180 1837 et
1203 1787 1346 1838 naturam

395 1873 632 1959 quodammodo
653 1873 875 1957 depingerent,
899 1874 981 1937 sicut
1005 1874 1180 1959 praemissae
1203 1875 1345 1941 substan·

397 1975 515 2038 tiarum
541 1973 731 2037 differentiae
754 1974 821 2037 suis
845 1974 1094 2060 proprietatibus
1116 1975 1345 2062 exprimentur.

396 2075 484 2139 Sicut
500 2075 583 2136 enim
599 2074 774 2138 accidentia
796 2075 1006 2139 substantiam
1030 2076 1181 2154 vestiunt,
1203 2095 1236 2142 et
1252 2077 1346 2142 infor·

394 2189 497 2239 mant:
522 2175 566 2239 sic
580 2177 718 2261 quadam
742 2178 947 2262 proportione
968 2177 1109 2254 rationis,
1125 2179 1167 2243 ab
1182 2178 1345 2265 adjectivis

393 2274 594 2339 substantiva
616 2274 836 2340 informantur.
882 2277 927 2340 Et
949 2289 985 2340 ut
1008 2277 1195 2343 familiarius
1215 2281 1344 2345 rationis

393 2375 551 2441 institutio
566 2389 688 2441 naturoe
708 2377 877 2453 cohaereat,
900 2380 981 2443 sicut
1002 2379 1180 2444 substantia
1194 2383 1345 2468 cujusque

392 2477 448 2557 rei,
456 2477 638 2541 intentionis
649 2491 680 2542 et
688 2478 878 2542 remissionis
887 2478 997 2559 ignara
1008 2494 1072 2543 est:
1089 2481 1134 2544 sic
1146 2481 1344 2548 substantiva

390 2577 432 2641 ad
448 2578 694 2663 comparationis
717 2580 837 2663 gradus
852 2601 914 2642 non
931 2579 1073 2655 veniunt,
1093 2594 1130 2645 ut
1144 2604 1202 2645 nec
1217 2586 1344 2650 nomina

389 2677 639 2742 differentiarum
657 2679 926 2755 substantialium,
944 2679 1018 2744 licet
1041 2681 1201 2767 adjectiva
1214 2685 1290 2765 sint,
1305 2710 1342 2751 eo

389 2779 475 2863 quod
491 2779 679 2842 substantioe
695 2779 853 2863 quandam
870 2779 1010 2844 indicent
1025 2780 1223 2866 qualitatem.
1260 2790 1340 2852 Item

387 2901 445 2943 nec
460 2877 515 2943 illa
537 2893 773 2965 comparantur,
795 2904 868 2966 quae
898 2881 1092 2967 adjiciuntur
1114 2884 1301 2951 substantiis
1321 2912 1340 2951 a

386 2980 578 3066 quantitate,
590 3005 628 3044 eo
643 2980 727 3066 quod
738 2982 807 3066 ipsa
822 2981 996 3065 quantitas,
1012 3004 1073 3045 non
1090 2982 1223 3070 suscipit
1239 2988 1339 3072 magis

383 3095 418 3146 et
437 3083 550 3150 minus.
597 3083 640 3146 Et
657 3083 689 3145 in
714 3104 847 3156 summa,
869 3082 949 3146 sicut
973 3082 1074 3146 solum
1097 3084 1243 3149 accidens
1258 3111 1340 3152 com-

385 3184 528 3267 parabile
546 3198 605 3262 est,
628 3207 685 3247 nec
707 3184 740 3246 id
766 3197 872 3247 tamen
896 3208 1009 3249 omne:
1033 3185 1077 3248 sic
1099 3186 1168 3250 sola
1182 3188 1339 3273 adjectiva

382 3285 603 3359 accidentiam,
614 3307 716 3347 necea
727 3298 831 3349 tamen
842 3287 1202 3372 omnia,comparantur.
1226 3292 1336 3355 Necin

380 3386 457 3450 solis
468 3383 648 3448 nominibus
662 3386 831 3468 conspicua
840 3401 888 3452 est
904 3388 972 3452 baec
984 3390 1271 3480 naturoeimitatio,
1282 3392 1337 3455 sed

380 3486 414 3549 in
426 3485 497 3548 aliis
511 3483 658 3548 omnibus
668 3485 819 3549 orationis
831 3488 990 3571 partibus,
1000 3489 1025 3551 si
1036 3487 1223 3573 diligentius
1234 3505 1336 3556 atten-

379 3585 487 3651 datur.
532 3587 597 3648 Pro
614 3586 756 3671 eoquod
776 3588 964 3664 substantia,
986 3613 1060 3674 quae
1079 3591 1186 3654 sensui
1206 3605 1264 3656 aut
1287 3615 1335 3657 ra·

379 3688 459 3753 tioni
482 3686 642 3774 objicitur,
663 3689 730 3750 sine
753 3702 854 3767 motu,
875 3712 939 3773 quo
961 3688 1085 3774 agendo
1107 3694 1161 3754 vel
1182 3693 1335 3776 patiendo

378 3786 501 3874 aliquid
525 3788 742 3872 temporaliter
769 3802 923 3863 moretur,
947 3812 1099 3854 essenon
1122 3804 1243 3876 potest,
1263 3794 1335 3858 ideo

376 3890 417 3956 ad
428 3888 641 3974 designandos
653 3903 759 3954 motus
770 3889 951 3976 corporales
962 3891 1088 3975 agentis
1099 3905 1155 3956 aut
1171 3894 1335 3978 patientis,

375 3993 557 4078 excogitata
581 4004 655 4054 sunt
681 3994 789 4054 verba.
840 3992 937 4054 Unde
961 3992 1039 4077 quia
1064 4005 1171 4056 motus
1196 4015 1261 4060 non
1287 4011 1335 4062 est

375 4096 442 4159 sine
468 4105 621 4178 tempore,
646 4114 702 4154 nec
718 4091 852 4153 verbum
874 4114 941 4153 esse
965 4091 1069 4174 potuit
1090 4092 1158 4155 sine
1180 4096 1335 4181 temporis

374 4194 684 4281 consignificatione:
709 4204 742 4254 et
762 4191 843 4253 sicut
867 4201 973 4254 motus
988 4192 1016 4254 is
1036 4213 1099 4254 non
1118 4213 1248 4279 semper
1267 4198 1336 4261 uni.

371 4295 484 4359 formis
503 4308 561 4372 est,
584 4293 650 4375 sed,
667 4306 703 4355 ut
726 4291 770 4354 sic
791 4291 908 4368 dicam,
934 4289 1125 4369 multicolor,
1147 4294 1213 4358 alio
1228 4298 1334 4378 aliter,
