2992 5592
266 797 307 855 94
522 809 658 852 Joauurs
675 806 950 851 sanssnnruaxsrs
1077 790 1160 870 [tm.
1176 808 1207 850 n.

264 959 391 1024 omnino
418 960 588 1022 verendum
617 958 790 1023 dialecticis
819 956 1005 1042 hujusmodi
1030 956 1071 1019 ad
1100 977 1204 1019 nornen

265 1059 441 1145 disputare,
469 1060 527 1122 nisi
554 1061 627 1145 quis
653 1059 745 1122 aliter
771 1081 833 1121 non
862 1058 960 1143 possit
987 1057 1028 1122 de
1052 1057 1209 1142 proposito

265 1162 437 1248 disputare.
485 1165 565 1225 Sane
581 1162 611 1225 in
629 1161 783 1236 articulis,
801 1160 856 1223 ubi
873 1159 1048 1243 plurimum
1065 1159 1209 1224 dissidere

266 1264 426 1339 videntur,
439 1263 520 1327 alter
535 1261 666 1326 alterius
682 1261 974 1348 interpretationem
991 1261 1146 1338 admittit,
1156 1261 1209 1323 etsi

266 1390 333 1430 eam
350 1366 521 1430 contendat
536 1389 602 1429 esse
617 1364 768 1449 ineptam.
810 1365 925 1448 Itaque
940 1362 1078 1426 vicissim
1094 1362 1210 1427 ducunt

266 1470 297 1532 in
314 1468 443 1532 crimine
459 1488 644 1542 sermonem,
661 1488 722 1528 non
740 1487 865 1528 sensum
881 1463 1032 1528 alienum.

325 1731 406 1814 Cap.
427 1734 475 1791 19.
499 1730 543 1790 In
557 1749 619 1809 quo
635 1747 699 1789 uon
714 1729 756 1789 sit
768 1725 968 1808 parcendum
985 1725 1161 1787 doctor-ibus

649 1829 840 1909 brrjuamodt‘.
1165 1835 1174 1858 ’

314 1990 373 2051 Sr‘r
397 2009 471 2069 ergo
497 1986 584 2071 quod
611 1987 775 2050 sententiis
800 2009 939 2071 parcam,
966 1986 996 2050 in
1019 1987 1139 2072 quibus
1161 2008 1212 2049 nec

268 2089 339 2173 ipsi,
354 2088 379 2150 si
396 2085 670 2172 interpretationes
689 2088 823 2150 invicem
841 2111 1019 2174 supponere
1036 2087 1139 2162 liceat,
1154 2087 1213 2150 ‹lis-

268 2190 389 2254 sident:
413 2211 516 2275 pauca
532 2204 636 2252 tamen
658 2201 732 2252 sunt
753 2190 785 2251 in
808 2189 927 2273 quibus
942 2190 987 2252 eis
1001 2212 1065 2251 non
1084 2189 1214 2253 arbitror

267 2288 507 2375 ignoscendum.
569 2291 712 2352 Primum
743 2289 831 2374 quod
869 2311 966 2352 onera
1002 2289 1212 2374 importabilia

268 2393 384 2456 teneris
421 2388 603 2453 auditorum
650 2389 791 2452 humeris
830 2393 1008 2476 imponunt.
1085 2389 1214 2468 Deinde,

268 2491 356 2578 quod
395 2490 529 2555 docendi
566 2490 680 2560 ordine,
717 2491 941 2576 praetermisso,
977 2491 1214 2575 diligentissime

268 2605 391 2667 cavent,
418 2613 458 2654 ne
488 2590 613 2674 singula
642 2611 779 2673 quoequa
802 2593 905 2654 locum
935 2600 1078 2666 teneant,
1108 2595 1217 2656 sortita

270 2697 434 2761 docenter:
465 2694 559 2756 finem
586 2692 667 2755 enirn
694 2693 783 2769 artis,
808 2709 845 2757 ut
867 2694 912 2758 sic
934 2693 1081 2773 dixerim,
1110 2694 1216 2779 legunt

270 2796 303 2861 in
341 2793 449 2870 titulo,
479 2805 511 2856 et
540 2815 602 2856 non
638 2792 733 2855 modo
769 2794 974 2878 Topieorum‚
1006 2793 1061 2857 sed
1099 2795 1217 2880 Analy·

271 2898 408 2962 tioorum
432 2907 464 2959 et
489 2893 703 2958 Elenchorum
731 2895 794 2958 vim
822 2894 1024 2981 Porphyrius
1049 2896 1216 2982 proedooet.

271 3003 436 3066 Postremo
461 2997 549 3084 quod
573 2997 664 3082 quasi
687 2997 728 3061 ab
751 2996 885 3060 adverso
907 3011 1063 3083 petentes,
1090 2998 1217 3062 veniunt

271 3112 382 3163 oontra
396 3112 532 3163 mentem
558 3097 706 3175 auctoris,
721 3110 753 3160 et
770 3108 806 3160 ut
822 3098 1014 3163 Aristoteles
1033 3099 1159 3183 planior
1170 3098 1218 3174 sit,

272 3201 414 3266 Platonis
429 3201 617 3264 sententiam
633 3198 758 3276 docent,
773 3211 830 3262 aut
850 3220 1012 3262 erroneam
1028 3199 1217 3284 opinionem,

271 3326 346 3387 quae
375 3324 471 3385 aequo
499 3324 606 3364 errore
621 3300 728 3364 deviat
752 3322 772 3362 a
797 3301 951 3365 sententia
980 3301 1166 3366 Aristotelis
1189 3312 1218 3364 et

272 3402 422 3467 Platonis.
471 3402 635 3487 Siquidem
651 3424 761 3466 omnes
775 3401 975 3467 Aristotelem
991 3404 1196 3487 profitentur.

272 3658 350 3741 Cap.
362 3661 413 3719 20.
431 3657 598 3719 Sententia
608 3655 1219 3744 Aristoteladegenerttaaetapaetatas

313 3760 554 3821 circumvallata
566 3762 747 3823 rationibus
761 3763 882 3835 multia,
898 3768 929 3824 et
944 3763 1123 3825 multarum
1139 3762 1221 3826 teati-

314 3862 418 3922 monio
432 3862 680 3942 scripturarum.

314 3995 431 4058 Poaao
446 3993 508 4070 hic,
524 4018 640 4080 genera
659 4010 691 4060 et
711 3995 830 4082 species
844 4019 906 4060 non
923 4020 1001 4075 esse,
1017 3998 1074 4063 sed
1090 3997 1219 4083 intelligi

273 4106 398 4158 tantum
415 4094 554 4159 asseruit.
600 4095 685 4171 Quid
701 4118 778 4179 ergo
793 4094 832 4157 ad
849 4118 916 4158 rem
936 4097 1051 4163 attinet
1067 4121 1220 4184 quaerere,

273 4199 352 4281 quid
369 4219 477 4279 genua
491 4200 544 4274 ait,
560 4196 585 4258 si
602 4196 681 4261 illud
704 4198 833 4260 omnino
849 4220 910 4261 non
931 4222 998 4263 esse
1021 4201 1220 4266 constiterit?

275 4301 314 4362 ln
341 4324 379 4362 eo
404 4301 500 4375 enim,
526 4297 613 4378 quod
637 4320 699 4361 non
725 4313 786 4375 est,
808 4300 914 4383 inepte
938 4302 1111 4387 quaritur,
1133 4301 1221 4390 quid,

274 4413 442 4485 quantum,
457 4413 514 4463 aut
533 4397 627 4483 quale
647 4412 709 4462 est:
734 4399 857 4463 sienim
880 4401 1091 4468 substantiam
1115 4402 1221 4470 tuleris
