2992 5592
272 799 315 858 80
522 810 661 855 roaums
676 809 955 854 sanassenmnsrs
1089 793 1173 868 [mn.
1188 812 1221 855 11.

272 960 396 1048 ciplinae
419 973 593 1046 expertem,
614 961 723 1047 etqui
745 958 819 1047 plus
840 958 976 1048 pectoris
997 959 1109 1038 babet,
1131 983 1223 1046 quam

270 1063 347 1140 oris,
369 1059 444 1149 plus
467 1061 617 1137 scientia,
641 1084 738 1149 quam
762 1060 932 1137 facundiae,
949 1061 1107 1140 veritatis,
1130 1083 1222 1148 quam

272 1162 430 1240 vanitatis,
453 1162 592 1240 virtutis,
616 1185 713 1249 quarn
732 1162 964 1240 ostentationis,
980 1178 1111 1227 secutus
1133 1187 1220 1228 sum:

269 1276 303 1328 et
318 1286 393 1349 qnae
413 1263 455 1327 ab
474 1260 544 1327 aliis
563 1263 739 1340 audieram,
755 1263 796 1327 ab
811 1287 850 1329 eo
869 1276 987 1327 cuncta
1004 1260 1116 1348 relegi,
1131 1277 1164 1329 et
1178 1262 1222 1327 in·

270 1364 383 1428 audita
407 1363 568 1450 quaedam,
593 1363 633 1427 ad
658 1362 862 1450 quadrivium
886 1361 1091 1449 pertinentia,
1112 1364 1146 1427 in
1161 1382 1223 1448 qno

271 1464 475 1551 aliquatenus
490 1464 703 1528 Teutonicum
722 1463 954 1549 praeaudieram
981 1464 1224 1543 Hardcrrinum,

270 1566 380 1632 didici.
424 1565 536 1650 Relegi
552 1587 681 1651 qnoque
698 1565 916 1641 Rhetoricam,
931 1587 1030 1652 quam
1046 1566 1137 1651 prius
1151 1589 1221 1631 cnm

271 1667 464 1754 quibusdam
481 1664 551 1731 aliis
565 1690 584 1730 a
599 1666 752 1751 magistro
767 1664 970 1732 Theodorico
986 1665 1127 1731 tenuiter
1138 1667 1226 1732 audi·

273 1780 350 1846 tam,
361 1767 529 1856 paululum
547 1767 774 1855 intelligebam.
803 1765 866 1833 Sed
882 1788 952 1829 earn
968 1780 1082 1851 postea
1096 1790 1118 1833 a
1132 1769 1224 1833 Petro

272 1868 624 1956 Heliapleniusaccepi.
642 1866 928 1955 thuianobilium
939 1866 1225 1953 liberos,qnimihi‚

272 1971 446 2035 amicorum
456 1982 487 2034 et
497 1983 705 2055 cognatorum
721 1970 850 2035 auxiliis
864 1968 1032 2047 destituto,
1043 1970 1225 2056 paupertati

270 2095 350 2136 meae
365 2069 535 2135 solaciante
547 2072 630 2148 Deo,
643 2071 794 2137 alimenta
803 2072 1011 2158 praestabant,
1021 2072 1224 2138 instruendos

272 2194 483 2259 susceperam,
492 2194 531 2239 ex
539 2174 726 2240 necessitate
741 2174 846 2252 officii,
857 2188 889 2239 et
902 2173 1056 2240 instantia
1065 2175 1224 2262 juvenum

272 2276 410 2362 urgebar
449 2275 537 2359 qnod
568 2275 743 2352 audieram,
782 2277 823 2342 ad
857 2278 1041 2341 memoriam
1083 2278 1225 2342 crebrius

271 2400 430 2444 revocare.
476 2377 573 2442 Unde
599 2378 641 2443 ad
668 2379 858 2466 magistrum
882 2379 999 2457 Adam,
1029 2378 1224 2444 securissimi

271 2480 375 2545 virum
401 2479 531 2567 ingenii,
556 2493 588 2545 et
614 2480 770 2565 quicquid
796 2480 850 2544 alii
874 2481 1024 2558 sentiant,
1049 2480 1224 2547 multarum

270 2582 443 2661 literarum,
474 2583 531 2669 qni
561 2580 722 2649 Aristoteli
756 2605 824 2669 prae
854 2584 977 2647 coeteris
1009 2583 1225 2665 incumbebat,

269 2683 518 2750 familiaritatem
546 2684 690 2748 contraxi
722 2682 925 2750 ulteriorem:
964 2696 1012 2761 ut,
1046 2683 1122 2750 licet
1151 2708 1224 2751 eum

270 2786 432 2851 doctorem
447 2808 510 2850 non
525 2785 702 2863 habuerim,
719 2783 797 2850 mibi
812 2808 870 2849 sua
890 2785 1027 2869 benigne
1047 2787 1222 2852 communi·

268 2901 365 2965 caret,
378 2902 410 2954 et
425 2911 470 2965 se,
483 2887 570 2974 quod
585 2900 641 2951 aut
654 2886 733 2950 nulli
746 2887 894 2967 faciebat,
905 2899 963 2952 aut
975 2887 1087 2974 paucis
1101 2889 1221 2966 alienis,

270 2987 348 3054 mihi
370 2990 533 3076 patentius
555 2989 747 3076 exponebat.
794 2990 977 3053 Putabatnr
998 2990 1084 3054 enim
1104 2989 1224 3056 invidia

270 3088 425 3157 laborare.
471 3090 604 3155 Interim
639 3087 837 3155 Willermnm
870 3090 1140 3171 Suessionensem‚
1168 3091 1223 3178 qni

269 3192 311 3257 ad
327 3192 586 3280 expugnandam,
603 3205 640 3258 nt
655 3193 745 3258 aiunt
762 3193 824 3271 sni,
840 3190 951 3276 logicae
973 3203 1178 3272 vetustatem,
1192 3207 1223 3259 et

268 3294 1223 3383 consequentiasinopinabilesconstruendas,etantiqnornm

269 3395 441 3458 sententias
469 3395 654 3475 diruendas,
689 3396 867 3460 machinam
903 3396 1108 3483 postmodum
1138 3396 1223 3478 fecit,

268 3495 370 3583 prima
394 3497 530 3582 Logices
549 3497 646 3561 docui
668 3499 836 3578 elementa,
858 3513 890 3565 et
913 3499 1122 3588 tandemjam
1138 3501 1222 3568 dicto

268 3599 458 3683 praeceptori
481 3599 626 3684 apposui.
672 3599 722 3664 lbi
745 3601 829 3667 sorte
851 3603 963 3669 didicit
986 3603 1073 3669 idern
1095 3628 1163 3670 esse
1184 3627 1221 3670 ex

267 3697 517 3763 contradictione
527 3722 628 3785 quum
638 3702 825 3767 Aristoteles
835 3705 1043 3792 obloquatur,
1052 3707 1221 3793 quiaidem

267 3821 369 3886 quum
386 3798 436 3880 sit,
457 3813 489 3865 et
505 3823 566 3865 non
590 3802 642 3883 sit,
657 3826 720 3867 non
741 3827 867 3870 necesse
881 3821 929 3872 est
945 3807 1028 3873 idem
1051 3832 1131 3874 esse.
1177 3811 1220 3874 Et

267 3901 342 3966 item
355 3922 455 3987 quum
467 3901 588 3989 aliquid
601 3904 653 3981 sit,
664 3926 728 3968 non
739 3926 864 3970 necesse
873 3921 921 3972 est
931 3907 1015 3972 idem
1025 3895 1106 3988 esse,
1117 3927 1151 3976 et
1162 3931 1221 3975 non

266 4026 342 4068 esse.
387 4005 485 4068 Nittt
505 4005 588 4070 enim
611 4030 651 4071 ex
674 4007 926 4074 contradictione
954 4010 1073 4092 evenit,
1094 4026 1129 4078 et
1150 4034 1223 4078 con·

266 4102 485 4172 tradictionem
502 4105 696 4191 impossibile
710 4119 809 4172 estex
825 4109 935 4196 aliquo
945 4113 1082 4177 evenire.
1130 4113 1222 4181 Unde

265 4230 322 4273 nec
337 4211 429 4274 amici
446 4208 591 4272 machina
602 4209 784 4297 impellente
797 4212 903 4297 urgeri
920 4213 1023 4299 potui,
1041 4229 1080 4280 ut
1095 4215 1220 4282 credam

265 4333 305 4375 ex
336 4333 401 4375 uno
434 4311 621 4398 impossibili
658 4310 765 4375 omnia
799 4312 1008 4399 impossibilia
1045 4318 1222 4403 provenire.

268 4411 491 4476 Extraxerunt
507 4411 639 4477 mehinc
655 4414 701 4476 rei
713 4411 876 4477 familiaris
885 4415 1048 4500 angustia,
1065 4420 1222 4487 sociorum
