2992 5592
263 777 327 836 368
524 781 663 830 roassrs
680 777 956 827 saucsunarsssrs

267 942 387 1006 stitioni
402 935 618 1021 {ascribentes
642 934 729 1019 quod
756 937 853 999 vitam
880 935 1016 998 duceret
1043 936 1221 999 arctiorem,

268 1045 377 1106 Zelum
410 1040 545 1125 justitiae
582 1036 804 1102 crudelitatem
839 1038 1097 1102 mentiebantur:
1137 1036 1220 1122 quod

267 1143 411 1207 ecclesiae
426 1142 618 1224 procurabat
640 1140 807 1218 utilitates,
822 1140 960 1203 araritiae
983 1139 1220 1202 attribuebant:

266 1254 487 1324 contemptum
518 1239 673 1302 mundani
704 1239 819 1301 favoris
848 1238 1001 1300 dicebant
1031 1259 1102 1300 esse
1130 1261 1220 1301 rena·

268 1346 387 1408 tionem
426 1342 554 1423 gloriae:
593 1340 722 1404 curialis
762 1338 1004 1420 magnificentia
1042 1339 1220 1420 fingebatur

268 1447 380 1510 elatio:
420 1442 506 1527 quod
537 1441 687 1504 divinitus
711 1437 856 1502 edoctam
884 1440 1082 1502 voluntatem
1113 1461 1221 1524 seque·

271 1551 363 1610 batur
384 1546 416 1607 in
440 1541 597 1626 plurimis,
616 1552 693 1602 uota
715 1539 876 1622 supercilii
899 1540 1105 1602 inurebatur:
1136 1539 1219 1622 qaod

270 1664 505 1713 antecessorum
526 1655 626 1706 metas
641 1643 673 1704 in
689 1641 808 1704 tuendo
825 1641 898 1724 jure
914 1663 1001 1724 saepe
1019 1641 1146 1704 videtur
1167 1662 1219 1703 ex·

270 1749 394 1825 cedere,
428 1745 613 1809 temeritatis
647 1744 880 1807 arbitrabantur
914 1742 1079 1807 iudicium.
1132 1743 1220 1805 Nihil

264 1851 333 1935 jam
356 1851 396 1912 ab
419 1869 457 1910 eo
480 1849 531 1910 rel
555 1847 619 1909 dici
641 1848 690 1908 rel
713 1845 781 1907 fieri
803 1853 938 1927 poterat,
958 1843 1046 1927 quod
1069 1865 1134 1905 non
1158 1864 1223 1905 ma·

268 1951 342 2014 licia
363 1949 537 2014 infelicium
561 1948 725 2010 hominum
748 1947 953 2030 depravaret:
979 1944 1060 2009 adeo
1084 1945 1222 2029 quidem,

270 2061 306 2114 ut
320 2051 386 2133 regi
408 2049 645 2134 persuaderent,
662 2047 760 2130 quod,
777 2047 802 2109 si
823 2045 1058 2129 archiepiscopi
1082 2057 1222 2129 potestas

270 2151 470 2234 procederet,
499 2151 584 2231 regia
614 2148 750 2230 dignitas
783 2158 866 2210 esset
893 2147 1107 2230 proculdubio
1140 2148 1221 2231 peri·

271 2267 361 2329 tura3
391 2262 423 2315 et
449 2254 510 2315 nisi
533 2253 595 2314 sibi
621 2265 652 2314 et
675 2250 854 2313 haeredibus
881 2251 947 2312 suis
968 2250 1175 2333 prospiceret,
1195 2252 1221 2311 is

272 2352 401 2416 demum
427 2353 552 2414 futurus
577 2364 661 2413 esset
686 2373 754 2427 rex,
780 2373 873 2435 quem
899 2352 1003 2414 clerus
1029 2352 1170 2434 eligeret,
1193 2362 1222 2414 et

271 2452 426 2538 quamdiu
439 2454 580 2536 placeret
594 2452 848 2536 archiepiscopo,
864 2466 1061 2534 regnaturus.

316 2554 590 2619 convenientibus
612 2565 716 2616 autem
736 2556 897 2638 episcopis
917 2565 950 2617 et
972 2555 1167 2638 proceribus,
1184 2577 1222 2618 ex

271 2655 424 2721 mandato
438 2655 532 2736 regis,
541 2653 582 2717 ad
598 2654 817 2738 expediendas
828 2657 918 2738 regni
928 2658 1146 2735 necessitates,
1157 2672 1221 2721 orta

273 2758 353 2820 forte
369 2757 531 2820 contentio
547 2768 595 2818 est
609 2756 808 2836 interregem
824 2769 855 2818 et
869 2758 1050 2835 ecclesiam,
1066 2780 1138 2842 quae
1153 2780 1222 2842 pro·

272 2868 375 2922 tracta
390 2857 518 2933 diutius,
533 2856 704 2936 instigante
719 2856 860 2933 diabolo,
874 2860 977 2939 magis
997 2879 1035 2922 ac
1052 2862 1153 2942 magis
1168 2883 1221 2924 au·

272 2961 404 3040 gebatur
419 2959 451 3020 in
468 2956 546 3019 dies.
585 2957 629 3019 Et
646 2959 720 3040 quia
734 2959 880 3041 episcopi
892 2982 964 3023 cum
981 2962 1221 3044 archiepiscopo

273 3081 332 3122 suo
348 3058 538 3121 unanimiter
560 3079 671 3120 omnes
685 3060 718 3120 in
736 3080 774 3121 eo
790 3069 879 3122 erant
899 3062 1079 3143 proposit0,
1101 3074 1137 3126 ut
1158 3065 1220 3144 regi

270 3160 304 3223 in
327 3160 377 3221 bis
400 3181 471 3243 quae
495 3158 555 3221 Dei
579 3172 653 3221 suot
675 3158 878 3223 devotissime
903 3175 1062 3244 parerent,
1085 3184 1145 3227 nec
1168 3165 1223 3226 ali·

272 3281 366 3344 quam
391 3261 531 3322 facerent
555 3260 798 3342 promissionem
824 3272 879 3325 aut
900 3265 1127 3345 obligationem
1151 3288 1223 3330 cum

271 3383 311 3424 eo
337 3362 462 3438 inirent,
484 3361 548 3423 nisi
574 3364 723 3445 quatinus
746 3375 881 3446 possent
906 3367 996 3428 salso
1021 3367 1133 3431 ordine
1156 3390 1224 3444 suo,

270 3463 466 3526 multimodis
484 3474 688 3546 procuratum
711 3478 760 3527 est
782 3478 817 3527 ut
837 3466 929 3530 initia
950 3470 1097 3532 ecclesiae
1120 3471 1224 3534 unitas

270 3564 481 3637 scinderetur,
511 3585 569 3647 per·
603 3567 758 3648 quosdam
793 3568 962 3651 pontifices
997 3571 1053 3654 qui
1083 3571 1158 3634 fidei
1192 3580 1224 3634 et

268 3663 435 3740 religionis
456 3665 615 3729 columnae
638 3667 835 3746 ridebantur,
855 3680 892 3733 ut
913 3681 968 3733 aut
994 3693 1069 3734 cum
1092 3673 1131 3734 iis
1153 3693 1220 3754 per-

269 3772 441 3825 verteretur
461 3764 734 3850 archiepiscopus,
757 3780 822 3845 aut,
844 3769 871 3831 si
891 3772 979 3833 solus
1001 3783 1108 3849 staret,
1129 3773 1221 3836 facile

269 3875 491 3929 contereretur.
537 3867 729 3932 Nitebamur
749 3873 877 3954 plurimi
897 3874 1106 3956 supplantare
1121 3875 1219 3937 sirum

270 3966 351 4030 Dei:
380 3967 436 4030 sed
459 3967 567 4030 hostes
588 3968 759 4035 familiares
781 3974 1050 4055 perniciosissime
1074 3999 1221 4061 pemrge·

268 4070 356 4131 bant.
401 4071 530 4133 Recolit
553 4071 599 4132 vir
617 4071 745 4135 invictae
769 4077 966 4153 constantias,
985 4079 1148 4141 hominem
1171 4080 1223 4142 cui

269 4170 360 4232 Deus
376 4173 495 4234 assistit
506 4194 570 4235 noo
587 4195 656 4236 esse
672 4176 786 4251 solum,
802 4187 834 4239 et
849 4198 888 4239 eo
904 4178 1077 4259 inspirante
1092 4201 1221 4245 securus

265 4273 413 4334 ascendit
427 4293 468 4334 ex
478 4272 610 4338 adverso
625 4297 793 4358 opponens
809 4299 979 4342 semorum
994 4281 1221 4345 solidissimum

267 4388 325 4450 pro
349 4367 446 4431 domo
473 4373 582 4450 Israel,
606 4374 661 4457 qui
683 4396 743 4438 nec
769 4377 863 4439 minis
890 4378 992 4458 frangi
1016 4392 1141 4463 poterat
1162 4401 1221 4443 nec
