2992 5592
290 821 356 867 cnr.
373 802 474 882 xvia]
650 821 894 870 unrrtoorcns.
1176 811 1238 872 178

280 993 414 1035 movere
438 995 580 1049 manum,
610 973 698 1059 quod
727 974 856 1061 quidem
888 974 1024 1061 amplius
1053 989 1112 1054 est,
1138 999 1237 1064 quam

287 1071 393 1135 videre
409 1072 769 1152 hominemmoventem‚
784 1074 819 1139 id
834 1089 892 1156 est,
907 1075 1081 1161 quimovet
1096 1099 1236 1143 manum.

288 1171 382 1250 Quod
413 1173 439 1237 si
468 1174 520 1237 cui
543 1177 660 1239 mirum
683 1189 743 1252 est,
766 1176 945 1262 acquiescat
967 1176 1019 1241 rel
1042 1179 1236 1263 Augustino.

287 1273 388 1338 Porro
410 1276 492 1339 ratio
515 1278 708 1343 transcendit
729 1301 854 1342 omnem
878 1301 1018 1359 sensum,
1032 1280 1235 1365 etjudicium

284 1396 388 1448 suum,
413 1374 507 1439 etiam
530 1375 562 1439 in
592 1378 811 1464 corporalibus
833 1391 865 1443 et
887 1378 1107 1466 spiritualibus
1137 1381 1235 1445 rebus

283 1476 453 1560 immergit.
492 1478 737 1564 Contemplator
752 1480 858 1543 omnia
873 1480 1033 1558 inferiora,
1049 1479 1131 1546 etad
1142 1504 1234 1568 supe·

283 1578 365 1643 riora
381 1593 586 1665 prospectum
602 1580 748 1646 intendit.
797 1582 925 1646 Rationi
938 1581 1149 1647 Hebraeorum
1162 1606 1236 1648 con·

284 1681 378 1746 sentit
403 1682 530 1747 Senecas
554 1682 708 1760 delinitio,
732 1683 790 1747 etsi
807 1683 860 1747 ille
882 1683 968 1747 aliud
993 1684 1135 1749 senserit.
1178 1686 1234 1751 Ait

280 1786 377 1848 enim:
402 1786 557 1848 Ratiocat
567 1787 711 1867 quodam
718 1808 800 1868 pars
814 1789 917 1850 divini
928 1789 1073 1870 Spiritus
1081 1789 1235 1852 numanis

278 1889 425 1952 immerso
435 1890 630 1972 corporibus.
655 1886 750 1966 Quod
766 1902 871 1952 tamen
883 1900 939 1954 aut
953 1890 1052 1953 errori
1062 1887 1231 1973 gentilium

278 1989 579 2054 accommodandum
602 2004 661 2072 est,
681 1991 736 2076 qui
759 1991 897 2055 animam
916 1990 1039 2068 mundi,
1059 1991 1090 2055 in
1111 1990 1233 2056 animas

278 2092 418 2177 singulas
439 2092 631 2181 discerptam
660 2094 888 2181 opinabantur,
911 2095 1077 2181 ipsamque
1099 2095 1234 2162 mentic-¹

277 2193 394 2260 bantur
416 2219 483 2262 esse
506 2197 661 2284 Spiritum
686 2210 848 2263 sanctum:
873 2212 929 2262 aut
953 2197 1122 2283 benignius
1136 2197 1231 2261 inter·

277 2297 467 2382 pretandum
489 2312 558 2364 est:
583 2313 618 2364 ut
642 2322 726 2386 pars,
748 2322 811 2364 oon
842 2303 875 2365 in
904 2300 1096 2386 quantitate,
1118 2300 1173 2364 sed
1197 2299 1230 2363 in

279 2398 398 2464 virtute
412 2399 498 2466 dicta
516 2401 672 2466 credatur.
720 2400 802 2466 Nam
820 2413 858 2467 ut
872 2401 961 2468 verbi
972 2403 1108 2488 figuram
1124 2402 1230 2489 expri-

277 2515 387 2574 meret,
395 2502 512 2589 adjecit
522 2502 681 2590 quaedam.
705 2503 799 2569 Licet
808 2505 891 2569 enim
903 2504 983 2570 ratio
993 2502 1231 2591 quodammodo

274 2602 379 2667 virtus
390 2603 498 2668 divina
510 2606 562 2685 sit,
574 2628 778 2692 nequaquam
795 2621 900 2671 tamen
910 2629 985 2691 pars
996 2607 1066 2691 ejus
1080 2620 1141 2688 est,
1152 2607 1230 2692 quia

274 2704 517 2774 absolutissimae
534 2707 751 2794 simplicitatis
766 2720 825 2772 est.

275 2895 354 2981 Cap.
374 2902 422 2961 tr.
446 2897 770 2983 Deofficioratiorris,
782 2904 813 2961 ct
824 2917 1045 2979 quereremus
1059 2898 1096 2958 in
1111 2899 1227 2980 capite,

313 2998 429 3078 quibus
451 2999 535 3059 ratio
554 2996 720 3078 procidet.-
743 3004 775 3061 et
795 3018 877 3079 quas
888 2999 1092 3080 pedissequas
1112 2998 1230 3063 lateat

312 3099 500 3180 philologia.

317 3217 421 3293 Quum
434 3235 510 3299 ergo
520 3213 601 3280 ratio
612 3214 733 3300 origine
744 3215 853 3279 divina
865 3214 1063 3295 nobilitetur,
1075 3230 1108 3284 et
1117 3217 1226 3284 divino

268 3316 388 3405 polleat
410 3316 573 3393 exercitio,
603 3339 672 3380 eam
696 3339 791 3402 super
819 3317 925 3382 omnia
953 3317 1116 3384 colendam
1147 3343 1225 3398 esse,

270 3420 370 3483 totius
386 3418 596 3505 philosophiae
615 3417 743 3485 decreto
766 3420 922 3486 sancitum
939 3433 997 3486 est.
1042 3425 1124 3488 Haec
1139 3423 1224 3490 enim

268 3518 464 3585 inordinatos
485 3533 591 3585 motus
605 3521 787 3608 compescit,
803 3535 835 3586 et
851 3521 892 3586 ad
908 3544 1051 3587 normam
1073 3521 1224 3590 bonitatis

269 3621 428 3705 componit
442 3621 599 3698 universa,
612 3634 649 3686 ut
660 3620 739 3686 nihil
752 3622 792 3687 sit
805 3622 893 3710 qnod
903 3622 1096 3689 ordinationi
1106 3624 1223 3691 divinae

268 3737 437 3808 repugnet,
468 3723 520 3787 cui
549 3723 575 3787 si
605 3722 679 3808 quis
715 3722 927 3812 obtemperat,
960 3725 1045 3791 felici
1074 3750 1222 3814 processu

269 3839 400 3910 peraget
415 3847 539 3891 aevum:
556 3824 581 3889 si
608 3825 777 3906 detrectat,
792 3840 829 3891 ut
854 3827 885 3891 in
914 3829 1041 3893 Timaeo
1055 3828 1100 3894 ait
1117 3829 1223 3910 Plato,

269 3926 431 3993 Claudum
441 3931 503 3992 iter
515 3931 604 4002 oitae,
614 3935 645 3991 ct
659 3948 810 3992 moricum
825 3949 965 4011 serpena,
976 3949 1048 3992 cum
1054 3932 1224 4014 familiari

267 4032 408 4094 stultitia
423 4032 552 4094 demum
566 4039 736 4094 rcoocntur
750 4031 795 4093 nd
809 4032 954 4112 inferno.
977 4029 1056 4114 Agit
1071 4029 1140 4093 haec
1154 4052 1224 4094 cor·

268 4133 353 4219 poris
367 4154 475 4196 curam
496 4141 528 4196 ει
542 4131 668 4208 animas,
688 4145 720 4195 ct
743 4143 920 4216 utrumque
940 4133 1112 4214 componit.
1157 4129 1221 4207 Qui

267 4255 342 4297 vero
365 4246 541 4318 utrumque
563 4232 751 4308 contemnit,
768 4254 898 4295 mancus
913 4243 945 4294 et
961 4230 1076 4293 debilis
1092 4238 1150 4308 est,
1164 4230 1221 4315 qui

266 4335 414 4409 alterum,
429 4334 572 4399 claudus.
618 4335 663 4398 Et
679 4334 757 4419 quia
772 4354 920 4397 sensuum
937 4329 1147 4394 examinatrix
1163 4345 1223 4412 est,

266 4441 323 4521 qui
340 4437 383 4501 ob
398 4436 529 4502 fallendi
551 4435 813 4501 consuetudinem
837 4445 970 4518 possunt
993 4454 1059 4496 esse
1073 4434 1224 4519 suspecti,
