2992 5592
392 800 433 858 68
649 814 785 858 roasms
800 814 1078 863 sarrnsnnnraxsrs
1229 808 1308 882 [nra.
1324 823 1344 866 r.

393 964 513 1026 oolores
527 962 711 1039 rhetoricos,
735 963 951 1030 cavillationes
973 967 1223 1054 sophismatum,
1239 983 1348 1056 etqua

392 1076 482 1151 parte
511 1065 559 1128 sui
582 1067 757 1152 propositae
788 1066 930 1130 lectionis
964 1068 1120 1134 articulus
1160 1071 1347 1156 respiciebat

392 1165 432 1228 ad
449 1165 526 1228 alias
542 1167 736 1251 disciplinas,
753 1169 949 1253 proponebat
966 1171 997 1232 in
1015 1170 1138 1234 medio:
1171 1172 1216 1236 ita
1234 1188 1347 1250 tamen,

393 1282 429 1333 ut
445 1290 506 1330 non
523 1272 553 1332 in
565 1269 700 1354 singulis
714 1271 1009 1349 universadoceret,
1026 1273 1081 1336 sed
1099 1295 1158 1359 pro
1173 1281 1349 1360 capacitate

391 1371 603 1448 audientium,
616 1370 814 1456 dispensaret
824 1373 869 1434 eis
884 1376 916 1435 in
932 1388 1074 1459 tempore
1089 1375 1246 1440 doctrinae
1262 1400 1347 1441 men·

393 1496 509 1538 suram.
557 1473 599 1538 Et
613 1475 690 1559 quia
710 1473 860 1559 splendor
880 1476 1031 1539 orationis
1046 1490 1102 1541 aut
1118 1501 1139 1542 o
1151 1483 1350 1561 proprietate

391 1588 451 1655 est,
465 1575 499 1640 id
515 1589 573 1656 est,
589 1598 689 1662 quum
706 1576 899 1662 adjectivum
916 1590 972 1641 aut
988 1579 1135 1659 verbum,
1147 1580 1347 1645 substantivo

392 1677 555 1762 eleganter
575 1678 774 1766 adjungitur,
789 1693 846 1742 aut
860 1703 881 1743 o
904 1683 1134 1756 transtatione,
1155 1682 1188 1744 id
1209 1696 1272 1759 est,
1295 1682 1348 1747 ubi

392 1803 494 1844 sermo
509 1804 549 1845 ex
564 1803 661 1845 causa
676 1780 842 1866 probabili,
857 1780 897 1843 ad
921 1781 1053 1845 alienam
1079 1782 1263 1847 traducitur
1286 1783 1347 1867 sig·

391 1881 613 1960 nificationem,
629 1882 709 1957 lraec,
725 1894 854 1965 sumpta
868 1883 1041 1952 occasione.
1059 1883 1243 1948 inculcabat
1259 1907 1347 1948 men·

392 1982 480 2046 tibus
494 1981 689 2044 auditorum.
735 1983 780 2043 Et
792 1981 941 2066 quoniam
959 1982 1109 2045 memoria
1124 1984 1279 2047 exercitio
1292 1986 1346 2047 fir·

391 2098 510 2160 matur,
528 2083 757 2167 ingeniumque
780 2083 908 2147 acuitur
930 2084 970 2146 ad
988 2084 1178 2148 imitandum
1202 2108 1251 2160 ea,
1274 2106 1346 2170 quoe

390 2183 576 2260 audiebant,
588 2183 666 2246 alios
677 2182 959 2261 admonitionibus,
970 2184 1048 2249 alios
1058 2185 1229 2270 flagelliset
1246 2191 1348 2274 poenis

392 2285 537 2370 urgebat.
583 2285 790 2370 Cogebantur
806 2289 970 2351 exsolvere
987 2286 1105 2367 singuli
1128 2286 1181 2350 die
1202 2289 1346 2373 sequenti

391 2386 513 2473 aliquid
529 2410 742 2473 eorumquae
763 2386 955 2474 praecedenti
975 2388 1161 2461 audierant;
1185 2389 1240 2454 alii
1263 2389 1347 2478 plus,

390 2488 443 2552 alii
459 2490 578 2554 minus:
602 2490 765 2553 eratenim
781 2490 869 2574 apud
885 2513 938 2553 eos
949 2491 1160 2575 praecedentis
1172 2491 1347 2579 discipulus

391 2613 527 2678 sequens
539 2592 616 2657 dies.
662 2593 885 2678 vespertinum
900 2593 1098 2672 exercitium,
1108 2593 1196 2679 quod
1210 2594 1346 2658 declina·

391 2696 437 2760 tio
451 2695 629 2772 dicebatur,
645 2709 734 2761 tanta
748 2695 933 2781 copiositate
948 2696 1165 2780 grammaticae
1189 2697 1341 2761 refertum

390 2813 470 2876 erat,
486 2813 522 2862 ut
538 2799 637 2884 siquis
653 2799 683 2861 in
705 2821 742 2860 eo
757 2820 815 2883 per
830 2820 948 2861 annum
972 2797 1133 2881 integrum
1150 2811 1342 2876 versaretur,

391 2901 544 2964 rationem
561 2900 712 2986 loquendi
727 2913 759 2963 et
774 2899 942 2978 scribendi,
958 2900 983 2961 si
999 2922 1061 2961 non
1084 2912 1166 2964 esset
1189 2900 1343 2976 hebetior,

390 3002 522 3068 baberet
538 3003 577 3067 ad
594 3025 735 3082 manum,
748 3016 781 3066 et
797 3002 1055 3087 significationem
1074 3024 1271 3081 sermonum,
1289 3003 1344 3089 qui

389 3109 422 3170 in
439 3106 597 3172 communi
616 3130 675 3171 usu
692 3126 868 3181 versantur,
881 3105 1028 3190 ignorare
1044 3127 1104 3167 non
1119 3120 1235 3189 posset.
1284 3104 1344 3168 Sed

390 3211 467 3292 quia
482 3232 538 3273 nec
554 3208 703 3285 scholam,
721 3229 779 3270 nec
800 3207 883 3270 diem
906 3207 1047 3291 aliquem
1071 3206 1161 3269 decet
1185 3230 1254 3269 esse
1276 3207 1345 3271 reli·

388 3308 492 3390 gionis
506 3325 682 3393 expertem,
697 3331 736 3371 aa
752 3308 989 3393 proponebatur
1004 3307 1145 3382 materia,
1159 3328 1234 3391 quae
1250 3305 1342 3371 fidem

390 3410 572 3485 aedificaret,
593 3424 626 3474 et
649 3432 761 3485 mores,
777 3423 809 3473 et
832 3410 915 3473 unde
935 3410 992 3495 qui
1010 3423 1235 3485 convenerant,
1254 3407 1344 3495 quasi

388 3510 556 3576 collatione
570 3510 720 3596 quadam,
735 3509 951 3576 animarentur
966 3511 1006 3574 ad
1028 3512 1156 3576 bonum.
1203 3511 1344 3576 Novissi-

389 3636 461 3677 mus
481 3625 589 3677 autem
612 3612 708 3697 hujus
730 3609 959 3687 declinationis,
990 3614 1088 3677 immo
1114 3612 1342 3699 philosophicae

387 3715 577 3789 collationis,
593 3715 757 3793 articulus,
773 3714 901 3802 pietatis
917 3717 1052 3800 vestigia
1070 3717 1283 3801 praeferebat:
1305 3726 1337 3778 et

388 3822 508 3883 animas
528 3819 752 3883 defunctorum
773 3819 1027 3898 commendabat,
1050 3819 1168 3883 devota
1182 3817 1341 3882 oblatione

388 3919 513 4006 psalmi,
529 3921 584 4006 qui
610 3921 640 3984 in
662 3918 947 4006 poenitentialibus,
969 3934 1079 3983 sextus
1095 3931 1155 3994 est,
1172 3933 1202 3984 et
1224 3920 1258 3982 in
1273 3939 1342 3982 ora·

388 4024 474 4088 tione
485 4024 662 4101 Dominica,
677 4024 883 4108 Redemptori
895 4045 963 4085 suo.
1002 4021 1132 4094 Quibus
1141 4034 1251 4084 autem
1264 4020 1344 4085 indi-

387 4130 541 4194 cebantur
565 4125 857 4213 praeexercitamina
880 4146 1062 4209 puerorum,
1094 4122 1125 4185 in
1149 4122 1264 4207 prosis,
1285 4139 1342 4187 aut

387 4231 587 4318 poematibus
598 4228 771 4303 imitandis,
782 4240 902 4310 poetas,
912 4239 967 4288 aut
978 4239 1118 4289 oratores
1129 4226 1341 4309 proponebat,

386 4346 418 4396 et
434 4356 542 4397 eorum
555 4330 692 4417 jubebat
707 4327 841 4411 vestigia
853 4325 979 4401 imitari,
991 4325 1161 4388 ostendens
1167 4325 1340 4410 juncturas

387 4434 573 4509 dictionum,
590 4446 622 4497 et
637 4430 796 4516 elegantes
812 4450 990 4491 sermonum
1007 4426 1175 4492 clausulas.
1217 4429 1250 4491 si
1267 4427 1342 4515 quis
