<?xml version="1.0" encoding="UTF-8"?>
<!DOCTYPE html PUBLIC "-//W3C//DTD XHTML 1.0 Transitional//EN"
    "http://www.w3.org/TR/xhtml1/DTD/xhtml1-transitional.dtd">
<html xmlns="http://www.w3.org/1999/xhtml" xml:lang="en" lang="en">
 <head>
  <title>
</title>
<meta http-equiv="Content-Type" content="text/html;charset=utf-8" />
  <meta name='ocr-system' content='tesseract 3.04.00' />
  <meta name='ocr-capabilities' content='ocr_page ocr_carea ocr_par ocr_line ocrx_word'/>
</head>
<body>
  <div class='ocr_page' id='page_1' title='image "./joannissaresber15johngoog_0080.png"; bbox 0 0 2992 5592; ppageno 0'>
   <div class='ocr_carea' id='block_1_1' title="bbox 393 786 1346 860">
    <p class='ocr_par' dir='ltr' id='par_1_1' title="bbox 393 786 1346 860">
     <span class='ocr_line' id='line_1_1' title="bbox 393 786 1346 860; baseline -0.003 -10"><span class='ocrx_word' id='word_1_1' title='bbox 393 792 436 850; x_wconf 81' lang='lat' dir='ltr'>eu</span> <span class='ocrx_word' id='word_1_2' title='bbox 659 801 796 847; x_wconf 78' lang='lat' dir='ltr'>scaurus</span> <span class='ocrx_word' id='word_1_3' title='bbox 812 800 1090 846; x_wconf 80' lang='lat' dir='ltr'>sanssuamsusrs</span> <span class='ocrx_word' id='word_1_4' title='bbox 1212 786 1298 860; x_wconf 83' lang='lat' dir='ltr'>[ma.</span> <span class='ocrx_word' id='word_1_5' title='bbox 1314 803 1346 847; x_wconf 92' lang='lat'>11.</span> 
     </span>
    </p>
   </div>
   <div class='ocr_carea' id='block_1_2' title="bbox 345 951 1350 3979">
    <p class='ocr_par' dir='ltr' id='par_1_2' title="bbox 345 951 1350 3979">
     <span class='ocr_line' id='line_1_2' title="bbox 395 951 1345 1038; baseline -0.005 -17"><span class='ocrx_word' id='word_1_6' title='bbox 395 951 1345 1038; x_wconf 77' lang='lat' dir='ltr'>alethic,necsterilem,reputavitantiquitas,aedegregiam</span> 
     </span>
     <span class='ocr_line' id='line_1_3' title="bbox 394 1050 1346 1142; baseline -0.002 -22"><span class='ocrx_word' id='word_1_7' title='bbox 394 1057 464 1142; x_wconf 87' lang='lat' dir='ltr'>ejus</span> <span class='ocrx_word' id='word_1_8' title='bbox 479 1053 629 1131; x_wconf 82' lang='lat' dir='ltr'>sobolem,</span> <span class='ocrx_word' id='word_1_9' title='bbox 643 1050 739 1118; x_wconf 89' lang='lat' dir='ltr'>castis</span> <span class='ocrx_word' id='word_1_10' title='bbox 755 1053 909 1118; x_wconf 82' lang='lat' dir='ltr'>Mercurii</span> <span class='ocrx_word' id='word_1_11' title='bbox 925 1051 1036 1135; x_wconf 84' lang='lat' dir='ltr'>junxit</span> <span class='ocrx_word' id='word_1_12' title='bbox 1052 1052 1274 1136; x_wconf 79' lang='lat' dir='ltr'>amplexibuss</span> <span class='ocrx_word' id='word_1_13' title='bbox 1302 1066 1346 1118; x_wconf 88' lang='lat' dir='ltr'>est</span> 
     </span>
     <span class='ocr_line' id='line_1_4' title="bbox 396 1154 1346 1241; baseline -0.004 -20"><span class='ocrx_word' id='word_1_14' title='bbox 396 1155 478 1221; x_wconf 92' lang='lat' dir='ltr'>enim</span> <span class='ocrx_word' id='word_1_15' title='bbox 497 1177 585 1219; x_wconf 88' lang='lat' dir='ltr'>soror</span> <span class='ocrx_word' id='word_1_16' title='bbox 601 1154 742 1219; x_wconf 85' lang='lat' dir='ltr'>veritatis</span> <span class='ocrx_word' id='word_1_17' title='bbox 757 1155 940 1241; x_wconf 90' lang='lat' dir='ltr'>prudentia,</span> <span class='ocrx_word' id='word_1_18' title='bbox 955 1167 987 1218; x_wconf 90' lang='lat' dir='ltr'>et</span> <span class='ocrx_word' id='word_1_19' title='bbox 1003 1176 1141 1218; x_wconf 90' lang='lat' dir='ltr'>amorem</span> <span class='ocrx_word' id='word_1_20' title='bbox 1159 1155 1302 1230; x_wconf 87' lang='lat' dir='ltr'>rationis,</span> <span class='ocrx_word' id='word_1_21' title='bbox 1317 1166 1346 1217; x_wconf 87' lang='lat' dir='ltr'>et</span> 
     </span>
     <span class='ocr_line' id='line_1_5' title="bbox 397 1254 1347 1343; baseline -0.003 -21"><span class='ocrx_word' id='word_1_22' title='bbox 397 1257 544 1333; x_wconf 75' lang='lat' dir='ltr'>scientiae,</span> <span class='ocrx_word' id='word_1_23' title='bbox 560 1279 617 1343; x_wconf 89' lang='lat' dir='ltr'>per</span> <span class='ocrx_word' id='word_1_24' title='bbox 633 1257 845 1343; x_wconf 77' lang='lat' dir='ltr'><strong>eloquentiam</strong></span> <span class='ocrx_word' id='word_1_25' title='bbox 864 1254 1041 1330; x_wconf 87' lang='lat' dir='ltr'>soeeundat,</span> <span class='ocrx_word' id='word_1_26' title='bbox 1056 1268 1087 1319; x_wconf 85' lang='lat' dir='ltr'>et</span> <span class='ocrx_word' id='word_1_27' title='bbox 1104 1255 1257 1320; x_wconf 87' lang='lat' dir='ltr'>illustrat.</span> <span class='ocrx_word' id='word_1_28' title='bbox 1304 1255 1347 1319; x_wconf 90' lang='lat' dir='ltr'>Si-</span> 
     </span>
     <span class='ocr_line' id='line_1_6' title="bbox 397 1356 1347 1447; baseline -0.005 -22"><span class='ocrx_word' id='word_1_29' title='bbox 397 1360 526 1447; x_wconf 85' lang='lat' dir='ltr'>quidem</span> <span class='ocrx_word' id='word_1_30' title='bbox 548 1359 608 1423; x_wconf 90' lang='lat' dir='ltr'>hoc</span> <span class='ocrx_word' id='word_1_31' title='bbox 623 1372 670 1423; x_wconf 87' lang='lat' dir='ltr'>est</span> <span class='ocrx_word' id='word_1_32' title='bbox 691 1358 895 1444; x_wconf 88' lang='lat' dir='ltr'>philologiam</span> <span class='ocrx_word' id='word_1_33' title='bbox 919 1356 1081 1422; x_wconf 81' lang='lat' dir='ltr'>Mercurio</span> <span class='ocrx_word' id='word_1_34' title='bbox 1097 1357 1260 1444; x_wconf 85' lang='lat' dir='ltr'>copulari:</span> <span class='ocrx_word' id='word_1_35' title='bbox 1292 1379 1347 1442; x_wconf 91' lang='lat' dir='ltr'>pro</span> 
     </span>
     <span class='ocr_line' id='line_1_7' title="bbox 345 1458 1347 1546; baseline -0.006 -18"><span class='ocrx_word' id='word_1_36' title='bbox 345 1504 348 1511; x_wconf 93' lang='lat'>·</span> <span class='ocrx_word' id='word_1_37' title='bbox 395 1486 433 1528; x_wconf 90' lang='lat' dir='ltr'>eo</span> <span class='ocrx_word' id='word_1_38' title='bbox 448 1484 586 1546; x_wconf 90' lang='lat' dir='ltr'>namque</span> <span class='ocrx_word' id='word_1_39' title='bbox 609 1461 731 1545; x_wconf 86' lang='lat' dir='ltr'>Logiea</span> <span class='ocrx_word' id='word_1_40' title='bbox 752 1460 839 1525; x_wconf 89' lang='lat' dir='ltr'>dicta</span> <span class='ocrx_word' id='word_1_41' title='bbox 858 1473 916 1534; x_wconf 92' lang='lat' dir='ltr'>est,</span> <span class='ocrx_word' id='word_1_42' title='bbox 934 1458 1021 1545; x_wconf 92' lang='lat' dir='ltr'>quod</span> <span class='ocrx_word' id='word_1_43' title='bbox 1045 1458 1271 1536; x_wconf 87' lang='lat' dir='ltr'>rationalis,id</span> <span class='ocrx_word' id='word_1_44' title='bbox 1292 1472 1347 1536; x_wconf 87' lang='lat' dir='ltr'>est,</span> 
     </span>
     <span class='ocr_line' id='line_1_8' title="bbox 397 1557 1347 1630; baseline -0.007 0"><span class='ocrx_word' id='word_1_45' title='bbox 397 1566 559 1630; x_wconf 89' lang='lat' dir='ltr'>rationum</span> <span class='ocrx_word' id='word_1_46' title='bbox 582 1562 809 1628; x_wconf 84' lang='lat' dir='ltr'>ministratoria</span> <span class='ocrx_word' id='word_1_47' title='bbox 830 1577 862 1628; x_wconf 90' lang='lat' dir='ltr'>et</span> <span class='ocrx_word' id='word_1_48' title='bbox 884 1561 1095 1626; x_wconf 83' lang='lat' dir='ltr'>examinatrix</span> <span class='ocrx_word' id='word_1_49' title='bbox 1119 1574 1177 1624; x_wconf 90' lang='lat' dir='ltr'>est.</span> <span class='ocrx_word' id='word_1_50' title='bbox 1229 1557 1347 1625; x_wconf 85' lang='lat' dir='ltr'>Divisit</span> 
     </span>
     <span class='ocr_line' id='line_1_9' title="bbox 396 1660 1346 1747; baseline -0.008 -15"><span class='ocrx_word' id='word_1_51' title='bbox 396 1690 465 1732; x_wconf 91' lang='lat' dir='ltr'>eam</span> <span class='ocrx_word' id='word_1_52' title='bbox 489 1665 584 1732; x_wconf 89' lang='lat' dir='ltr'>Plato</span> <span class='ocrx_word' id='word_1_53' title='bbox 605 1666 638 1729; x_wconf 92' lang='lat' dir='ltr'>in</span> <span class='ocrx_word' id='word_1_54' title='bbox 661 1663 867 1738; x_wconf 88' lang='lat' dir='ltr'>dialecticam,</span> <span class='ocrx_word' id='word_1_55' title='bbox 889 1676 921 1726; x_wconf 90' lang='lat' dir='ltr'>et</span> <span class='ocrx_word' id='word_1_56' title='bbox 952 1661 1174 1727; x_wconf 86' lang='lat' dir='ltr'>Rhetorieam:</span> <span class='ocrx_word' id='word_1_57' title='bbox 1210 1661 1265 1726; x_wconf 89' lang='lat' dir='ltr'>sed</span> <span class='ocrx_word' id='word_1_58' title='bbox 1293 1660 1346 1747; x_wconf 91' lang='lat' dir='ltr'>qui</span> 
     </span>
     <span class='ocr_line' id='line_1_10' title="bbox 397 1762 1348 1853; baseline -0.009 -18"><span class='ocrx_word' id='word_1_59' title='bbox 397 1765 567 1835; x_wconf 85' lang='lat' dir='ltr'>efficaciam</span> <span class='ocrx_word' id='word_1_60' title='bbox 589 1768 658 1853; x_wconf 87' lang='lat' dir='ltr'>ejus</span> <span class='ocrx_word' id='word_1_61' title='bbox 676 1765 773 1830; x_wconf 89' lang='lat' dir='ltr'>altius</span> <span class='ocrx_word' id='word_1_62' title='bbox 794 1765 983 1843; x_wconf 87' lang='lat' dir='ltr'>metiuntur,</span> <span class='ocrx_word' id='word_1_63' title='bbox 997 1762 1025 1826; x_wconf 93' lang='lat' dir='ltr'>ei</span> <span class='ocrx_word' id='word_1_64' title='bbox 1042 1763 1136 1847; x_wconf 93' lang='lat' dir='ltr'>plura</span> <span class='ocrx_word' id='word_1_65' title='bbox 1157 1764 1348 1828; x_wconf 85' lang='lat' dir='ltr'>attribuunt.</span> 
     </span>
     <span class='ocr_line' id='line_1_11' title="bbox 399 1864 1349 1957; baseline -0.007 -22"><span class='ocrx_word' id='word_1_66' title='bbox 399 1868 564 1957; x_wconf 79' lang='lat' dir='ltr'>Siquidem</span> <span class='ocrx_word' id='word_1_67' title='bbox 587 1869 616 1932; x_wconf 93' lang='lat' dir='ltr'>ei</span> <span class='ocrx_word' id='word_1_68' title='bbox 637 1867 898 1941; x_wconf 88' lang='lat' dir='ltr'>demonstrativa,</span> <span class='ocrx_word' id='word_1_69' title='bbox 919 1864 1103 1952; x_wconf 87' lang='lat' dir='ltr'>probabilis,</span> <span class='ocrx_word' id='word_1_70' title='bbox 1124 1883 1156 1928; x_wconf 87' lang='lat' dir='ltr'>et</span> <span class='ocrx_word' id='word_1_71' title='bbox 1175 1864 1349 1952; x_wconf 80' lang='lat' dir='ltr'>sophistica</span> 
     </span>
     <span class='ocr_line' id='line_1_12' title="bbox 397 1964 1349 2056; baseline -0.006 -20"><span class='ocrx_word' id='word_1_72' title='bbox 397 1971 625 2056; x_wconf 84' lang='lat' dir='ltr'>subjiciuntur,</span> <span class='ocrx_word' id='word_1_73' title='bbox 636 1966 785 2031; x_wconf 86' lang='lat' dir='ltr'>videlicet</span> <span class='ocrx_word' id='word_1_74' title='bbox 796 1966 1046 2031; x_wconf 82' lang='lat' dir='ltr'>demonstrativa</span> <span class='ocrx_word' id='word_1_75' title='bbox 1060 1989 1080 2029; x_wconf 92' lang='lat' dir='ltr'>a</span> <span class='ocrx_word' id='word_1_76' title='bbox 1095 1964 1349 2051; x_wconf 74' lang='lat' dir='ltr'>disciplinalibus</span> 
     </span>
     <span class='ocr_line' id='line_1_13' title="bbox 396 2067 1347 2156; baseline -0.004 -20"><span class='ocrx_word' id='word_1_77' title='bbox 396 2072 483 2156; x_wconf 82' lang='lat' dir='ltr'>viget</span> <span class='ocrx_word' id='word_1_78' title='bbox 493 2070 707 2156; x_wconf 90' lang='lat' dir='ltr'>principiis,et</span> <span class='ocrx_word' id='word_1_79' title='bbox 717 2067 757 2132; x_wconf 90' lang='lat' dir='ltr'>ad</span> <span class='ocrx_word' id='word_1_80' title='bbox 767 2068 1347 2156; x_wconf 84' lang='lat' dir='ltr'>eorumconsequutivaprogreditur:</span> 
     </span>
     <span class='ocr_line' id='line_1_14' title="bbox 396 2169 1348 2257; baseline -0.004 -17"><span class='ocrx_word' id='word_1_81' title='bbox 396 2175 581 2241; x_wconf 80' lang='lat' dir='ltr'>necessitate</span> <span class='ocrx_word' id='word_1_82' title='bbox 595 2170 716 2257; x_wconf 80' lang='lat' dir='ltr'>gaudet</span> <span class='ocrx_word' id='word_1_83' title='bbox 726 2193 735 2246; x_wconf 77' lang='lat'>3</span> <span class='ocrx_word' id='word_1_84' title='bbox 762 2184 792 2235; x_wconf 88' lang='lat' dir='ltr'>et</span> <span class='ocrx_word' id='word_1_85' title='bbox 809 2169 889 2257; x_wconf 92' lang='lat' dir='ltr'>quid</span> <span class='ocrx_word' id='word_1_86' title='bbox 905 2171 956 2234; x_wconf 90' lang='lat' dir='ltr'>eui</span> <span class='ocrx_word' id='word_1_87' title='bbox 979 2171 1137 2250; x_wconf 88' lang='lat' dir='ltr'>videatur,</span> <span class='ocrx_word' id='word_1_88' title='bbox 1151 2171 1230 2236; x_wconf 90' lang='lat' dir='ltr'>dum</span> <span class='ocrx_word' id='word_1_89' title='bbox 1247 2186 1348 2237; x_wconf 86' lang='lat' dir='ltr'>tamen</span> 
     </span>
     <span class='ocr_line' id='line_1_15' title="bbox 395 2272 1349 2359; baseline -0.001 -20"><span class='ocrx_word' id='word_1_90' title='bbox 395 2274 442 2339; x_wconf 90' lang='lat' dir='ltr'>ita</span> <span class='ocrx_word' id='word_1_91' title='bbox 464 2298 530 2339; x_wconf 91' lang='lat' dir='ltr'>esse</span> <span class='ocrx_word' id='word_1_92' title='bbox 552 2285 709 2359; x_wconf 88' lang='lat' dir='ltr'>oporteat,</span> <span class='ocrx_word' id='word_1_93' title='bbox 730 2295 792 2336; x_wconf 91' lang='lat' dir='ltr'>non</span> <span class='ocrx_word' id='word_1_94' title='bbox 816 2272 952 2338; x_wconf 90' lang='lat' dir='ltr'>multum</span> <span class='ocrx_word' id='word_1_95' title='bbox 974 2272 1121 2338; x_wconf 84' lang='lat' dir='ltr'>attendit.</span> <span class='ocrx_word' id='word_1_96' title='bbox 1167 2277 1271 2340; x_wconf 87' lang='lat' dir='ltr'>Decet</span> <span class='ocrx_word' id='word_1_97' title='bbox 1292 2274 1349 2339; x_wconf 91' lang='lat' dir='ltr'>hoc</span> 
     </span>
     <span class='ocr_line' id='line_1_16' title="bbox 395 2375 1349 2462; baseline -0.003 -20"><span class='ocrx_word' id='word_1_98' title='bbox 395 2376 650 2462; x_wconf 83' lang='lat' dir='ltr'>Philosoplricam</span> <span class='ocrx_word' id='word_1_99' title='bbox 667 2390 750 2439; x_wconf 89' lang='lat' dir='ltr'>recte</span> <span class='ocrx_word' id='word_1_100' title='bbox 765 2375 947 2440; x_wconf 84' lang='lat' dir='ltr'>docentium</span> <span class='ocrx_word' id='word_1_101' title='bbox 965 2377 1174 2462; x_wconf 87' lang='lat' dir='ltr'>majestatem,</span> <span class='ocrx_word' id='word_1_102' title='bbox 1190 2399 1267 2462; x_wconf 77' lang='lat' dir='ltr'>quae</span> <span class='ocrx_word' id='word_1_103' title='bbox 1282 2400 1349 2456; x_wconf 90' lang='lat' dir='ltr'>suo,</span> 
     </span>
     <span class='ocr_line' id='line_1_17' title="bbox 396 2472 1350 2554; baseline -0.001 -12"><span class='ocrx_word' id='word_1_104' title='bbox 396 2475 476 2543; x_wconf 87' lang='lat' dir='ltr'>citra</span> <span class='ocrx_word' id='word_1_105' title='bbox 495 2472 678 2541; x_wconf 89' lang='lat' dir='ltr'>auditorum</span> <span class='ocrx_word' id='word_1_106' title='bbox 699 2498 874 2554; x_wconf 85' lang='lat' dir='ltr'>assensum,</span> <span class='ocrx_word' id='word_1_107' title='bbox 892 2476 1062 2540; x_wconf 86' lang='lat' dir='ltr'>roboratur</span> <span class='ocrx_word' id='word_1_108' title='bbox 1082 2476 1227 2541; x_wconf 89' lang='lat' dir='ltr'>arbitrio.</span> <span class='ocrx_word' id='word_1_109' title='bbox 1274 2479 1350 2541; x_wconf 89' lang='lat' dir='ltr'>Pro·</span> 
     </span>
     <span class='ocr_line' id='line_1_18' title="bbox 395 2574 1349 2661; baseline -0.001 -19"><span class='ocrx_word' id='word_1_110' title='bbox 395 2575 511 2643; x_wconf 87' lang='lat' dir='ltr'>babilis</span> <span class='ocrx_word' id='word_1_111' title='bbox 524 2588 630 2653; x_wconf 82' lang='lat' dir='ltr'>autem</span> <span class='ocrx_word' id='word_1_112' title='bbox 646 2585 791 2640; x_wconf 86' lang='lat' dir='ltr'>versatur</span> <span class='ocrx_word' id='word_1_113' title='bbox 805 2575 836 2638; x_wconf 93' lang='lat' dir='ltr'>in</span> <span class='ocrx_word' id='word_1_114' title='bbox 854 2574 913 2654; x_wconf 91' lang='lat' dir='ltr'>his,</span> <span class='ocrx_word' id='word_1_115' title='bbox 928 2597 1003 2661; x_wconf 84' lang='lat' dir='ltr'>quae</span> <span class='ocrx_word' id='word_1_116' title='bbox 1024 2575 1177 2641; x_wconf 82' lang='lat' dir='ltr'>videntur</span> <span class='ocrx_word' id='word_1_117' title='bbox 1191 2577 1349 2656; x_wconf 90' lang='lat' dir='ltr'>omnibus,</span> 
     </span>
     <span class='ocr_line' id='line_1_19' title="bbox 397 2675 1348 2765; baseline 0.003 -22"><span class='ocrx_word' id='word_1_118' title='bbox 397 2694 454 2744; x_wconf 91' lang='lat' dir='ltr'>aut</span> <span class='ocrx_word' id='word_1_119' title='bbox 477 2678 635 2765; x_wconf 91' lang='lat' dir='ltr'>pluribus,</span> <span class='ocrx_word' id='word_1_120' title='bbox 657 2688 713 2740; x_wconf 88' lang='lat' dir='ltr'>aut</span> <span class='ocrx_word' id='word_1_121' title='bbox 737 2675 952 2760; x_wconf 85' lang='lat' dir='ltr'>sapientibus:</span> <span class='ocrx_word' id='word_1_122' title='bbox 982 2689 1015 2740; x_wconf 90' lang='lat' dir='ltr'>et</span> <span class='ocrx_word' id='word_1_123' title='bbox 1037 2677 1098 2753; x_wconf 86' lang='lat' dir='ltr'>his,</span> <span class='ocrx_word' id='word_1_124' title='bbox 1117 2678 1167 2743; x_wconf 87' lang='lat' dir='ltr'>vel</span> <span class='ocrx_word' id='word_1_125' title='bbox 1190 2681 1348 2757; x_wconf 88' lang='lat' dir='ltr'>omnibus,</span> 
     </span>
     <span class='ocr_line' id='line_1_20' title="bbox 397 2777 1348 2866; baseline 0.007 -25"><span class='ocrx_word' id='word_1_126' title='bbox 397 2780 447 2845; x_wconf 88' lang='lat' dir='ltr'>vel</span> <span class='ocrx_word' id='word_1_127' title='bbox 470 2780 629 2866; x_wconf 89' lang='lat' dir='ltr'>pluribus,</span> <span class='ocrx_word' id='word_1_128' title='bbox 650 2777 699 2841; x_wconf 85' lang='lat' dir='ltr'>vel</span> <span class='ocrx_word' id='word_1_129' title='bbox 720 2778 858 2842; x_wconf 85' lang='lat' dir='ltr'>maxime</span> <span class='ocrx_word' id='word_1_130' title='bbox 879 2779 973 2855; x_wconf 89' lang='lat' dir='ltr'>notis,</span> <span class='ocrx_word' id='word_1_131' title='bbox 988 2793 1021 2844; x_wconf 90' lang='lat' dir='ltr'>et</span> <span class='ocrx_word' id='word_1_132' title='bbox 1040 2780 1275 2865; x_wconf 88' lang='lat' dir='ltr'>probabilibus,</span> <span class='ocrx_word' id='word_1_133' title='bbox 1294 2796 1348 2848; x_wconf 88' lang='lat' dir='ltr'>aut</span> 
     </span>
     <span class='ocr_line' id='line_1_21' title="bbox 394 2879 1348 2966; baseline 0.003 -19"><span class='ocrx_word' id='word_1_134' title='bbox 394 2880 603 2947; x_wconf 87' lang='lat' dir='ltr'>consecutivis</span> <span class='ocrx_word' id='word_1_135' title='bbox 631 2902 752 2944; x_wconf 89' lang='lat' dir='ltr'>eorum.</span> <span class='ocrx_word' id='word_1_136' title='bbox 799 2880 879 2944; x_wconf 88' lang='lat' dir='ltr'>Haec</span> <span class='ocrx_word' id='word_1_137' title='bbox 910 2879 1039 2966; x_wconf 88' lang='lat' dir='ltr'>quidem</span> <span class='ocrx_word' id='word_1_138' title='bbox 1069 2882 1291 2964; x_wconf 84' lang='lat' dir='ltr'>Dialecticam,</span> <span class='ocrx_word' id='word_1_139' title='bbox 1317 2898 1348 2950; x_wconf 90' lang='lat' dir='ltr'>et</span> 
     </span>
     <span class='ocr_line' id='line_1_22' title="bbox 396 2983 1348 3065; baseline -0.002 -13"><span class='ocrx_word' id='word_1_140' title='bbox 396 2983 612 3059; x_wconf 81' lang='lat' dir='ltr'>Rhetoricam,</span> <span class='ocrx_word' id='word_1_141' title='bbox 628 2983 789 3049; x_wconf 90' lang='lat' dir='ltr'>continet:</span> <span class='ocrx_word' id='word_1_142' title='bbox 813 2984 962 3065; x_wconf 89' lang='lat' dir='ltr'>quoniam</span> <span class='ocrx_word' id='word_1_143' title='bbox 975 2983 1172 3065; x_wconf 87' lang='lat' dir='ltr'>dialecticus,</span> <span class='ocrx_word' id='word_1_144' title='bbox 1182 3000 1214 3051; x_wconf 94' lang='lat' dir='ltr'>et</span> <span class='ocrx_word' id='word_1_145' title='bbox 1232 3001 1348 3065; x_wconf 90' lang='lat' dir='ltr'>orator,</span> 
     </span>
     <span class='ocr_line' id='line_1_23' title="bbox 396 3082 1349 3175; baseline 0.002 -25"><span class='ocrx_word' id='word_1_146' title='bbox 396 3085 587 3175; x_wconf 87' lang='lat' dir='ltr'>persuadere</span> <span class='ocrx_word' id='word_1_147' title='bbox 601 3082 750 3158; x_wconf 89' lang='lat' dir='ltr'>nitentes;</span> <span class='ocrx_word' id='word_1_148' title='bbox 772 3082 852 3147; x_wconf 91' lang='lat' dir='ltr'>alter</span> <span class='ocrx_word' id='word_1_149' title='bbox 862 3082 1055 3162; x_wconf 86' lang='lat' dir='ltr'>adversario,</span> <span class='ocrx_word' id='word_1_150' title='bbox 1067 3085 1148 3150; x_wconf 89' lang='lat' dir='ltr'>alter</span> <span class='ocrx_word' id='word_1_151' title='bbox 1158 3087 1276 3172; x_wconf 83' lang='lat' dir='ltr'>judici,</span> <span class='ocrx_word' id='word_1_152' title='bbox 1289 3109 1349 3153; x_wconf 91' lang='lat' dir='ltr'>uon</span> 
     </span>
     <span class='ocr_line' id='line_1_24' title="bbox 396 3184 1349 3275; baseline 0.002 -25"><span class='ocrx_word' id='word_1_153' title='bbox 396 3186 535 3251; x_wconf 90' lang='lat' dir='ltr'>multum</span> <span class='ocrx_word' id='word_1_154' title='bbox 552 3187 668 3250; x_wconf 85' lang='lat' dir='ltr'>referre</span> <span class='ocrx_word' id='word_1_155' title='bbox 689 3184 897 3263; x_wconf 89' lang='lat' dir='ltr'>arbitrantur,</span> <span class='ocrx_word' id='word_1_156' title='bbox 912 3205 996 3258; x_wconf 81' lang='lat' dir='ltr'>sera,</span> <span class='ocrx_word' id='word_1_157' title='bbox 1012 3207 1052 3247; x_wconf 91' lang='lat' dir='ltr'>an</span> <span class='ocrx_word' id='word_1_158' title='bbox 1073 3184 1155 3249; x_wconf 84' lang='lat' dir='ltr'>falsa</span> <span class='ocrx_word' id='word_1_159' title='bbox 1170 3187 1235 3252; x_wconf 86' lang='lat' dir='ltr'>sint</span> <span class='ocrx_word' id='word_1_160' title='bbox 1254 3210 1349 3275; x_wconf 81' lang='lat' dir='ltr'>argu·</span> 
     </span>
     <span class='ocr_line' id='line_1_25' title="bbox 396 3282 1350 3358; baseline 0.006 -11"><span class='ocrx_word' id='word_1_161' title='bbox 396 3299 504 3348; x_wconf 90' lang='lat' dir='ltr'>menta</span> <span class='ocrx_word' id='word_1_162' title='bbox 524 3308 646 3358; x_wconf 89' lang='lat' dir='ltr'>eorum,</span> <span class='ocrx_word' id='word_1_163' title='bbox 668 3284 845 3349; x_wconf 88' lang='lat' dir='ltr'>dummodo</span> <span class='ocrx_word' id='word_1_164' title='bbox 865 3283 929 3348; x_wconf 85' lang='lat' dir='ltr'>veri</span> <span class='ocrx_word' id='word_1_165' title='bbox 950 3282 1189 3351; x_wconf 88' lang='lat' dir='ltr'>similitudinem</span> <span class='ocrx_word' id='word_1_166' title='bbox 1212 3302 1350 3353; x_wconf 82' lang='lat' dir='ltr'>teneant.</span> 
     </span>
     <span class='ocr_line' id='line_1_26' title="bbox 396 3383 1350 3476; baseline 0.008 -31"><span class='ocrx_word' id='word_1_167' title='bbox 396 3385 444 3447; x_wconf 85' lang='lat' dir='ltr'>At</span> <span class='ocrx_word' id='word_1_168' title='bbox 460 3383 641 3469; x_wconf 87' lang='lat' dir='ltr'>sophistica,</span> <span class='ocrx_word' id='word_1_169' title='bbox 652 3407 726 3469; x_wconf 84' lang='lat' dir='ltr'>quae</span> <span class='ocrx_word' id='word_1_170' title='bbox 737 3407 904 3470; x_wconf 87' lang='lat' dir='ltr'>apparens,</span> <span class='ocrx_word' id='word_1_171' title='bbox 915 3398 947 3450; x_wconf 93' lang='lat' dir='ltr'>et</span> <span class='ocrx_word' id='word_1_172' title='bbox 959 3408 1021 3450; x_wconf 92' lang='lat' dir='ltr'>non</span> <span class='ocrx_word' id='word_1_173' title='bbox 1033 3386 1182 3451; x_wconf 85' lang='lat' dir='ltr'>assistens</span> <span class='ocrx_word' id='word_1_174' title='bbox 1194 3390 1350 3476; x_wconf 88' lang='lat' dir='ltr'>sapientia</span> 
     </span>
     <span class='ocr_line' id='line_1_27' title="bbox 395 3481 1347 3575; baseline 0.008 -29"><span class='ocrx_word' id='word_1_175' title='bbox 395 3496 454 3557; x_wconf 84' lang='lat' dir='ltr'>est,</span> <span class='ocrx_word' id='word_1_176' title='bbox 467 3481 713 3571; x_wconf 89' lang='lat' dir='ltr'>probabilitatis,</span> <span class='ocrx_word' id='word_1_177' title='bbox 729 3497 786 3547; x_wconf 88' lang='lat' dir='ltr'>aut</span> <span class='ocrx_word' id='word_1_178' title='bbox 802 3486 1007 3565; x_wconf 86' lang='lat' dir='ltr'>necessitatis,</span> <span class='ocrx_word' id='word_1_179' title='bbox 1018 3487 1146 3553; x_wconf 82' lang='lat' dir='ltr'>affectat</span> <span class='ocrx_word' id='word_1_180' title='bbox 1161 3489 1347 3575; x_wconf 80' lang='lat' dir='ltr'>imaginem:</span> 
     </span>
     <span class='ocr_line' id='line_1_28' title="bbox 395 3582 1350 3677; baseline 0.009 -28"><span class='ocrx_word' id='word_1_181' title='bbox 395 3607 509 3675; x_wconf 88' lang='lat' dir='ltr'>parum</span> <span class='ocrx_word' id='word_1_182' title='bbox 525 3606 640 3648; x_wconf 88' lang='lat' dir='ltr'>curans</span> <span class='ocrx_word' id='word_1_183' title='bbox 656 3582 735 3670; x_wconf 93' lang='lat' dir='ltr'>quid</span> <span class='ocrx_word' id='word_1_184' title='bbox 752 3585 791 3650; x_wconf 88' lang='lat' dir='ltr'>sit</span> <span class='ocrx_word' id='word_1_185' title='bbox 806 3587 866 3650; x_wconf 91' lang='lat' dir='ltr'>hoc</span> <span class='ocrx_word' id='word_1_186' title='bbox 877 3599 934 3652; x_wconf 85' lang='lat' dir='ltr'>aut</span> <span class='ocrx_word' id='word_1_187' title='bbox 948 3588 1128 3667; x_wconf 90' lang='lat' dir='ltr'>illud,dum</span> <span class='ocrx_word' id='word_1_188' title='bbox 1142 3591 1350 3677; x_wconf 82' lang='lat' dir='ltr'>phantasticis</span> 
     </span>
     <span class='ocr_line' id='line_1_29' title="bbox 395 3685 1347 3773; baseline 0.011 -23"><span class='ocrx_word' id='word_1_189' title='bbox 395 3685 588 3773; x_wconf 82' lang='lat' dir='ltr'>imaginibus</span> <span class='ocrx_word' id='word_1_190' title='bbox 602 3699 634 3751; x_wconf 89' lang='lat' dir='ltr'>et</span> <span class='ocrx_word' id='word_1_191' title='bbox 659 3687 745 3751; x_wconf 84' lang='lat' dir='ltr'>velut</span> <span class='ocrx_word' id='word_1_192' title='bbox 763 3690 885 3754; x_wconf 91' lang='lat' dir='ltr'>umbris</span> <span class='ocrx_word' id='word_1_193' title='bbox 905 3690 1082 3768; x_wconf 84' lang='lat' dir='ltr'>fallacibus,</span> <span class='ocrx_word' id='word_1_194' title='bbox 1098 3693 1241 3760; x_wconf 84' lang='lat' dir='ltr'>involvat</span> <span class='ocrx_word' id='word_1_195' title='bbox 1264 3718 1347 3773; x_wconf 90' lang='lat' dir='ltr'>eum,</span> 
     </span>
     <span class='ocr_line' id='line_1_30' title="bbox 394 3789 1349 3882; baseline 0.009 -31"><span class='ocrx_word' id='word_1_196' title='bbox 394 3809 465 3851; x_wconf 91' lang='lat' dir='ltr'>cum</span> <span class='ocrx_word' id='word_1_197' title='bbox 497 3809 563 3873; x_wconf 94' lang='lat' dir='ltr'>quo</span> <span class='ocrx_word' id='word_1_198' title='bbox 593 3809 696 3852; x_wconf 87' lang='lat' dir='ltr'>sermo</span> <span class='ocrx_word' id='word_1_199' title='bbox 723 3789 908 3855; x_wconf 87' lang='lat' dir='ltr'>conseritur.</span> <span class='ocrx_word' id='word_1_200' title='bbox 955 3791 1114 3869; x_wconf 78' lang='lat' dir='ltr'>Proiecto,</span> <span class='ocrx_word' id='word_1_201' title='bbox 1140 3815 1253 3879; x_wconf 89' lang='lat' dir='ltr'>quam,</span> <span class='ocrx_word' id='word_1_202' title='bbox 1284 3817 1349 3882; x_wconf 77' lang='lat' dir='ltr'>pra</span> 
     </span>
     <span class='ocr_line' id='line_1_31' title="bbox 394 3889 1350 3979; baseline 0.012 -26"><span class='ocrx_word' id='word_1_203' title='bbox 394 3889 528 3965; x_wconf 78' lang='lat' dir='ltr'>caeteris,</span> <span class='ocrx_word' id='word_1_204' title='bbox 544 3912 653 3954; x_wconf 89' lang='lat' dir='ltr'>omnes</span> <span class='ocrx_word' id='word_1_205' title='bbox 667 3890 825 3969; x_wconf 88' lang='lat' dir='ltr'>ambiunt,</span> <span class='ocrx_word' id='word_1_206' title='bbox 842 3892 895 3956; x_wconf 91' lang='lat' dir='ltr'>sed</span> <span class='ocrx_word' id='word_1_207' title='bbox 913 3892 1017 3977; x_wconf 91' lang='lat' dir='ltr'>pauci,</span> <span class='ocrx_word' id='word_1_208' title='bbox 1032 3916 1102 3957; x_wconf 90' lang='lat' dir='ltr'>meo</span> <span class='ocrx_word' id='word_1_209' title='bbox 1115 3893 1252 3979; x_wconf 87' lang='lat' dir='ltr'>judicio,</span> <span class='ocrx_word' id='word_1_210' title='bbox 1269 3918 1350 3963; x_wconf 85' lang='lat' dir='ltr'>asse-</span> 
     </span>
    </p>
   </div>
   <div class='ocr_carea' id='block_1_3' title="bbox 391 3992 1350 4365">
    <p class='ocr_par' dir='ltr' id='par_1_3' title="bbox 391 3992 1350 4365">
     <span class='ocr_line' id='line_1_32' title="bbox 393 3992 1350 4086; baseline 0.009 -30"><span class='ocrx_word' id='word_1_211' title='bbox 393 4005 551 4080; x_wconf 92' lang='lat' dir='ltr'>quuntur,</span> <span class='ocrx_word' id='word_1_212' title='bbox 565 3992 740 4059; x_wconf 91' lang='lat' dir='ltr'>Dialectica</span> <span class='ocrx_word' id='word_1_213' title='bbox 755 4007 814 4075; x_wconf 89' lang='lat' dir='ltr'>est,</span> <span class='ocrx_word' id='word_1_214' title='bbox 825 4018 899 4081; x_wconf 86' lang='lat' dir='ltr'>quae</span> <span class='ocrx_word' id='word_1_215' title='bbox 913 4016 969 4059; x_wconf 89' lang='lat' dir='ltr'>nec</span> <span class='ocrx_word' id='word_1_216' title='bbox 980 3995 1020 4059; x_wconf 92' lang='lat' dir='ltr'>ad</span> <span class='ocrx_word' id='word_1_217' title='bbox 1034 3994 1217 4062; x_wconf 89' lang='lat' dir='ltr'>docentium</span> <span class='ocrx_word' id='word_1_218' title='bbox 1230 4001 1350 4086; x_wconf 86' lang='lat' dir='ltr'>aspirat</span> 
     </span>
     <span class='ocr_line' id='line_1_33' title="bbox 392 4096 1349 4182; baseline 0.006 -23"><span class='ocrx_word' id='word_1_219' title='bbox 392 4096 597 4182; x_wconf 79' lang='lat' dir='ltr'>gravitatem,</span> <span class='ocrx_word' id='word_1_220' title='bbox 611 4118 668 4162; x_wconf 91' lang='lat' dir='ltr'>nec</span> <span class='ocrx_word' id='word_1_221' title='bbox 686 4096 781 4162; x_wconf 89' lang='lat' dir='ltr'>undis</span> <span class='ocrx_word' id='word_1_222' title='bbox 800 4097 947 4161; x_wconf 90' lang='lat' dir='ltr'>civilibus</span> <span class='ocrx_word' id='word_1_223' title='bbox 963 4097 1129 4182; x_wconf 86' lang='lat' dir='ltr'>mergitur,</span> <span class='ocrx_word' id='word_1_224' title='bbox 1146 4122 1204 4163; x_wconf 86' lang='lat' dir='ltr'>nec</span> <span class='ocrx_word' id='word_1_225' title='bbox 1226 4100 1349 4166; x_wconf 87' lang='lat' dir='ltr'>seducit</span> 
     </span>
     <span class='ocr_line' id='line_1_34' title="bbox 391 4197 1349 4286; baseline 0.009 -25"><span class='ocrx_word' id='word_1_226' title='bbox 391 4197 536 4277; x_wconf 82' lang='lat' dir='ltr'>fallaciis,</span> <span class='ocrx_word' id='word_1_227' title='bbox 548 4197 602 4262; x_wconf 88' lang='lat' dir='ltr'>sed</span> <span class='ocrx_word' id='word_1_228' title='bbox 620 4212 767 4286; x_wconf 89' lang='lat' dir='ltr'>prompta</span> <span class='ocrx_word' id='word_1_229' title='bbox 783 4212 814 4262; x_wconf 91' lang='lat' dir='ltr'>et</span> <span class='ocrx_word' id='word_1_230' title='bbox 830 4197 980 4262; x_wconf 88' lang='lat' dir='ltr'>mediocri</span> <span class='ocrx_word' id='word_1_231' title='bbox 995 4198 1221 4283; x_wconf 80' lang='lat' dir='ltr'>probabilitate</span> <span class='ocrx_word' id='word_1_232' title='bbox 1236 4226 1349 4269; x_wconf 83' lang='lat' dir='ltr'>verum</span> 
     </span>
     <span class='ocr_line' id='line_1_35' title="bbox 393 4300 562 4365; baseline 0.006 -2"><span class='ocrx_word' id='word_1_233' title='bbox 393 4300 562 4365; x_wconf 84' lang='lat' dir='ltr'>examinat.</span> 
     </span>
    </p>
   </div>
   <div class='ocr_carea' id='block_1_4' title="bbox 0 0 1503 5592">
    <p class='ocr_par' dir='ltr' id='par_1_4' title="bbox 0 0 1503 5592">
     <span class='ocr_line' id='line_1_36' title="bbox 0 0 1503 5592; baseline 0 0"><span class='ocrx_word' id='word_1_234' title='bbox 0 0 1503 5592; x_wconf 95' lang='lat' dir='ltr'> </span> 
     </span>
    </p>
   </div>
  </div>
 </body>
</html>
