2992 5592
657 831 836 877 runcones.
1201 818 1220 874 9

266 980 385 1045 domini
402 981 475 1055 mei,
493 979 546 1043 cui
561 978 668 1044 deesse
684 1004 743 1045 non
764 1005 904 1067 possum,
920 978 1100 1045 sollicitudo
1122 982 1220 1045 totius

267 1080 455 1156 Britanniae,
472 1079 562 1166 quod
578 1081 617 1143 ad
631 1104 740 1146 causas
751 1082 998 1159 Ecclesiasticus,
1011 1081 1088 1144 mihi
1100 1081 1221 1145 incum-

265 1182 329 1246 bat.
377 1182 432 1244 Ad
457 1183 537 1260 haec,
560 1180 741 1246 sollicitudo
764 1182 808 1246 rei
838 1180 1011 1262 familiaris,
1032 1196 1064 1247 et
1086 1181 1221 1246 curiales

266 1307 370 1367 nugae,
393 1283 538 1348 studium
555 1283 787 1348 excludebant:
811 1285 983 1348 amicorum
1008 1283 1221 1370 interpellatio

267 1385 399 1448 meiere
415 1398 520 1449 toturn
536 1383 754 1451 absorbuerat.
802 1386 915 1472 ltaque
930 1387 1057 1472 justum
1073 1386 1221 1463 arbitror,

267 1486 349 1548 utin
373 1484 435 1563 his,
458 1508 534 1571 quoe
557 1500 673 1551 temere
693 1487 880 1564 dictasunt,
896 1487 973 1550 mibi
991 1489 1082 1551 venia
1097 1484 1222 1550 t'acilius

269 1586 493 1672 impendatur:
518 1591 543 1653 si
559 1589 638 1673 quid
659 1612 734 1652 vero
750 1589 862 1654 exierit
877 1589 996 1675 aptius,
1011 1590 1040 1653 ei
1055 1588 1158 1673 gratia
1174 1611 1222 1652 re·

268 1687 401 1763 feratur,
419 1686 486 1750 sine
501 1711 566 1771 quo
578 1688 657 1751 uihil
669 1701 774 1776 potest
784 1688 924 1751 humana
939 1687 1114 1751 infirmitas.
1137 1691 1221 1752 Nam

269 1790 432 1874 ingenium
462 1787 559 1851 hebes
592 1801 653 1867 est,
682 1803 714 1852 et
744 1788 896 1851 memoria
925 1786 1094 1861 infidelior,
1125 1811 1221 1874 quarn

271 1903 305 1954 ut
315 1891 523 1975 antiquorum
536 1889 730 1953 subtilitates
741 1888 914 1975 percipere,
926 1902 983 1953 aut
997 1911 1071 1971 qua:
1081 1887 1224 1974 aliquan-

270 1991 311 2054 do
326 2005 477 2076 percepta
492 2003 578 2066 aunt,
594 1989 717 2054 diutius
736 1989 856 2052 valeam
872 1989 1018 2052 retinere.
1062 1988 1220 2072 Linguam

271 2111 342 2152 vero
357 2089 535 2174 impolitam
555 2112 633 2164 esse,
655 2088 759 2174 stylus
782 2089 850 2174 ipse
869 2087 1037 2151 convincit.
1083 2087 1127 2152 Et
1145 2087 1223 2174 quia

271 2190 395 2276 Logicae
409 2193 533 2277 suscepi
546 2190 769 2277 patrocinium,
779 2190 1037 2253 Murannctcou
1050 2189 1222 2275 inscriptus

269 2306 314 2355 est
331 2292 423 2368 liber,
439 2314 535 2377 quem
552 2306 691 2376 quatuor
706 2289 932 2365 voluminibus
944 2289 984 2353 ad
997 2291 1221 2354 recreationem

270 2390 405 2472 lectoris,
428 2393 627 2477 distinguere
648 2391 767 2456 curari.
813 2395 904 2455 More
934 2392 1151 2471 scribentium,
1173 2415 1223 2455 rcs

270 2495 371 2557 varias
386 2493 574 2580 complexus
586 2514 668 2568 sum,
680 2515 761 2578 quas
776 2492 913 2578 quisque
924 2491 1073 2578 probabit
1086 2515 1155 2570 suo,
1166 2505 1222 2555 aut

270 2597 466 2683 reprobabit,
483 2595 626 2659 arbitrio.

375 2713 443 2764 Sunt
454 2712 532 2775 bona,
542 2716 602 2762 sunt
614 2711 732 2778 quiedam
744 2712 893 2772 mediocria,
905 2718 966 2764 sunt
976 2706 1046 2765 mala
1057 2711 1138 2783 plura,

411 2798 480 2859 Quor
489 2795 558 2864 legis
568 2796 626 2848 bio:
645 2795 722 2848 aliter
732 2815 784 2849 nou
795 2796 827 2848 fit
838 2798 918 2849 Arite
929 2796 1002 2850 liber.

273 2905 323 2967 Sic
352 2899 528 2965 Martialis:
553 2901 597 2964 sic
622 2913 654 2964 et
669 2924 743 2986 ego:
769 2901 888 2964 malens
914 2902 957 2965 sic
982 2902 1107 2987 nugari,
1126 2925 1223 2986 quam

272 3004 311 3066 ad
328 3004 463 3066 sormam
482 3001 689 3086 Ganymedis
705 2999 828 3089 lepores
843 3003 976 3087 agitare,
993 3003 1043 3065 vel

378 3118 513 3171 Nocturno
522 3125 611 3190 putere
623 3137 702 3183 mero,
713 3126 804 3190 putere
816 3119 916 3169 diurno.

275 3225 346 3285 Nec
361 3221 550 3305 dedignatus
565 3246 648 3300 sum,
665 3222 889 3285 modernorum
901 3219 1043 3303 proferre
1055 3216 1225 3280 sententiaa

274 3344 355 3405 quos
364 3322 552 3407 antiquis,in
566 3322 736 3409 plerisque,
747 3318 1100 3405 praeserrenondubito.
1124 3321 1226 3404 Spero

274 3422 420 3507 equidem
436 3423 523 3507 quod
538 3422 671 3509 gloriam
695 3443 818 3497 eorum,
837 3419 893 3506 qui
910 3442 993 3483 nunc
1018 3433 1103 3497 sunt,
1123 3434 1227 3505 poste-

273 3525 350 3589 ritas
380 3526 572 3590 celebrabit:
610 3524 756 3610 eoquod
780 3525 953 3588 multorum
991 3522 1110 3586 nobilia
1132 3524 1226 3586 mirer

271 3628 410 3711 ingenia,
425 3625 637 3712 investigandi
654 3623 876 3701 subtilitatem,
899 3623 1096 3708 diligentiam
1114 3624 1225 3698 studii,

272 3728 455 3792 felicitatem
483 3728 652 3802 memoria,
679 3727 921 3792 ioecunditatem
953 3726 1077 3803 mentis,
1100 3739 1131 3789 ct
1161 3727 1226 3788 oris

272 3829 468 3908 facultatem,
484 3841 516 3893 et
538 3829 660 3915 copiam
683 3828 781 3891 verbi.
828 3831 878 3892 De
895 3827 1036 3890 moribus
1060 3849 1133 3889 vero
1149 3848 1226 3888 non-

274 3931 361 3994 nulla
376 3930 512 3993 scienter
527 3930 659 3992 inserui:
678 3942 767 3994 ratus
782 3928 888 3991 omnia
900 3951 974 4012 quae
989 3928 1152 4011 leguntur,
1168 3939 1225 3991 aut

272 4033 468 4106 scribuntur,
485 4030 611 4094 inutilia
622 4054 699 4109 esse,
709 4029 768 4092 nisi
781 4030 1086 4114 quatenusafferunt
1096 4029 1228 4113 aliquod

272 4132 504 4196 adminiculum
522 4135 606 4196 vitae.
642 4134 702 4196 Est
718 4132 801 4193 enirn
818 4131 970 4215 quaelibet
987 4132 1141 4216 professio
1157 4130 1228 4212 plri-

272 4232 463 4319 losophandi
487 4231 620 4306 inutilis,
643 4246 675 4295 et
698 4231 789 4305 falsa,
808 4254 882 4314 qua‘
905 4254 937 4294 se
961 4231 1059 4314 ipsam
1084 4228 1115 4287 in
1139 4225 1227 4289 cultu

272 4333 412 4404 virtutis,
449 4346 481 4395 ct
513 4332 586 4395 vita
623 4333 821 4395 exhibitione
851 4355 911 4394 non
943 4329 1055 4413 aperit.
1101 4326 1227 4388 Acade-

272 4436 382 4509 micus,
401 4434 432 4496 in
450 4432 588 4516 hisquae
605 4446 678 4496 sunt
698 4432 889 4496 dubitabilia
906 4427 1060 4513 Sapienti,
1077 4448 1138 4488 non
1151 4427 1228 4510 juro
