2992 5592
355 819 418 877 272
621 827 759 875 maurus
774 823 1054 874 ummsssrs

357 985 566 1066 lmmotssque
579 994 712 1046 manent
725 981 822 1058 idere,
835 990 963 1044 constat
976 983 1012 1042 in
1026 979 1108 1057 illis,
1249 984 1332 1043 luat

444 1083 607 1167 Quicquid
621 1083 664 1147 ad
678 1104 832 1146 occasum
848 1083 1001 1166 temporis
1016 1081 1112 1145 unda
1126 1083 1226 1166 rapit

355 1186 532 1270 Dispensat
546 1208 650 1250 rerum
666 1197 773 1250 motus
786 1187 867 1250 ratio
881 1186 951 1249 sine
966 1198 1070 1260 motu,

441 1290 487 1352 Et
500 1289 627 1352 stabilis
641 1289 739 1351 virtus
754 1299 900 1371 tempora
913 1297 1034 1351 cuncta
1047 1298 1173 1352 moret.

354 1390 431 1454 Non
446 1402 522 1454 sunt
534 1391 686 1453 informes
701 1388 770 1464 Dii,
784 1409 866 1472 quos
881 1399 993 1451 natura
1007 1389 1153 1451 creatrix

441 1494 497 1557 Ex
512 1493 607 1556 variis
621 1504 726 1556 ortum
741 1490 836 1553 rebus
849 1489 968 1551 babere
982 1489 1074 1565 facit,
1242 1490 1330 1554 1050

354 1595 429 1668 Quo
444 1594 679 1660 circumscribit
692 1593 785 1668 ratio,
799 1602 978 1674 naturaque
992 1589 1083 1653 facta

443 1696 623 1779 Formaqne
638 1693 797 1757 concretis
810 1689 955 1755 redditur
967 1702 1066 1774 atque
1082 1711 1205 1772 genus.

355 1793 509 1861 Informis
524 1797 617 1860 Deus
630 1808 689 1872 est,
703 1795 781 1878 quia
794 1794 942 1875 simplex,
958 1813 1024 1855 non
1039 1793 1179 1856 aliunde

439 1898 600 1962 Constans
615 1919 674 1961 nec
690 1896 813 1959 debens
828 1896 973 1979 pluribus
987 1915 1059 1958 esse
1075 1916 1186 1959 suum.

521 1999 615 2073 Quod
628 2019 680 2062 rea
692 2018 765 2061 nere
778 1997 913 2079 simplet
926 1996 1072 2059 absoluto
1087 2003 1148 2059 est.

352 2100 499 2163 Absolvit
513 2101 594 2162 ratio
609 2122 675 2163 rem
691 2121 773 2163 verm
788 2096 1002 2184 simplicitatis
1235 2100 1325 2163 1035

437 2200 483 2262 Et
501 2198 656 2283 quicquid
671 2204 761 2264 nullo
776 2199 924 2264 claudere
939 2200 1003 2263 fine
1018 2212 1136 2283 potest.

350 2298 448 2371 Quod
463 2320 537 2362 rere
551 2300 703 2382 simplex,
717 2304 809 2365 nullo
824 2314 914 2365 motu
928 2302 1079 2377 variatur,

436 2398 512 2462 Non
528 2400 710 2484 antiquatur
724 2416 880 2488 tempore,
896 2426 1022 2488 semper
1035 2403 1135 2467 idem.

349 2501 494 2565 Altemat
508 2502 648 2565 mundus
662 2503 764 2568 facies
779 2508 948 2590 nescitque
962 2527 1103 2582 manere,

434 2602 480 2665 Et
494 2602 621 2686 perimit
634 2613 776 2686 tempus,
790 2603 946 2690 quicquid
961 2603 1003 2667 sd
1018 2624 1090 2667 esse
1104 2615 1212 2668 vocat
1230 2609 1321 2669 1040

348 2703 468 2768 Omnia
481 2704 527 2766 sic
543 2704 577 2767 in
592 2725 628 2767 se
643 2704 789 2786 redeunt,
804 2707 850 2769 sic
866 2707 936 2788 lege
951 2704 1083 2790 perenni

437 2804 589 2868 Numinis
604 2807 713 2869 sterni
729 2820 935 2891 perpetuatur
949 2829 1040 2892 opus.

350 2906 1317 2990 Quodtenuinimoest,etqrtodringuliorbessuos

661 3009 780 3072 labem
793 3010 993 3073 dubitatores.

347 3107 479 3173 Summa
493 3121 603 3175 tenent
617 3112 735 3196 superi,
750 3111 858 3174 medio
868 3111 960 3196 jacet
972 3113 1085 3176 infima
1100 3113 1208 3192 tellus,

432 3211 478 3274 Et
493 3212 615 3276 medios
629 3214 724 3276 orbes
738 3214 848 3276 incola
862 3213 979 3296 dignus
994 3215 1102 3278 babet

345 3309 481 3392 Spiritus
495 3313 529 3374 in
546 3315 673 3376 eunctis
687 3315 852 3377 elementis
868 3327 917 3379 est
931 3326 964 3378 et
978 3315 1011 3377 in
1028 3315 1120 3378 astris
1225 3316 1312 3380 1045

430 3411 557 3496 Cuique
571 3436 659 3490 suus,
674 3415 830 3479 mundum
845 3417 976 3501 spiritus
991 3439 1074 3480 uuus
1088 3417 1166 3499 agit,

342 3509 510 3574 Maximus
525 3513 590 3590 hic,
605 3537 718 3578 omues
732 3517 785 3579 alii
801 3528 877 3580 sunt
891 3518 1108 3599 particulares,

429 3609 496 3672 Hic
512 3622 627 3690 totum,
642 3615 757 3699 reliqui
773 3617 901 3698 singula
914 3620 1059 3682 membra
1074 3632 1223 3694 movent3

341 3709 455 3771 Omnis
470 3711 554 3773 euim
569 3716 657 3795 regio
672 3718 810 3799 propriis
824 3731 874 3781 est
888 3721 987 3802 plena
1002 3722 1137 3798 colonis,

426 3807 477 3870 De
493 3831 631 3893 quorum
645 3829 735 3880 motu
751 3821 847 3884 rebus
861 3821 953 3905 origo
970 3824 1068 3887 renit-
1221 3829 1308 3892 1050

588 3915 683 3987 Quod
695 3918 785 3997 iguis
798 3925 909 3985 omnia
920 3932 1055 4006 purgat.

338 4018 403 4078 Aer
416 4025 583 4097 corruptus
597 4018 667 4080 solo
682 4032 836 4101 purgatur
850 4025 891 4086 ab
906 4026 994 4106 igne,

424 4116 547 4195 Purgat
560 4127 592 4179 et
606 4117 735 4184 inseetae
751 4123 885 4187 crimina
901 4138 1007 4191 motus
1023 4151 1125 4215 aquae.

336 4212 442 4279 Diluit
456 4217 526 4277 haec
542 4226 633 4281 terrm
650 4219 772 4297 sordes,
789 4244 838 4285 res
853 4228 970 4290 celsior
987 4231 1092 4293 omnis

422 4315 560 4379 Subdita
574 4319 619 4381 sic
636 4332 752 4402 purgat
766 4337 885 4388 cuncta
901 4329 1008 4410 rigore
1024 4352 1093 4393 suo.

333 4407 458 4473 Celsior
472 4413 632 4479 interdurn
648 4418 805 4483 sordescit
821 4425 861 4486 ab
878 4426 1028 4507 inferiori,
1215 4437 1303 4500 1055
