2992 5592
270 819 456 900 cse.xv11.]
615 836 857 883 uasssoorcos.
1177 827 1218 885 89

309 988 373 1053 Hic
394 1011 477 1073 ergo
495 987 708 1074 probabilium
724 988 862 1052 rationes
876 987 998 1074 redegit
1013 988 1044 1050 io
1060 1002 1172 1068 anem,
1186 1001 1219 1054 et

270 1090 354 1175 quasi
369 1089 413 1154 ab
429 1087 595 1152 elementis
609 1086 773 1172 incipiens,
791 1111 890 1174 usque
908 1088 948 1152 ad
972 1088 1125 1174 propositi
1149 1112 1219 1176 per·

268 1192 432 1256 sectionem
456 1190 572 1254 evexit.
619 1189 691 1254 Hoc
716 1203 821 1254 eutem
848 1190 977 1277 planum
1003 1204 1052 1255 est
1078 1191 1138 1270 bis,
1161 1192 1217 1278 qui

268 1306 462 1368 scrutantur,
491 1305 524 1356 et
554 1291 730 1356 discutiunt
762 1313 857 1377 opera
886 1292 973 1378 ejus:
1013 1316 1104 1356 voces
1133 1294 1216 1357 enim

269 1397 368 1482 primo
382 1391 623 1479 significativas,
637 1393 670 1457 id
686 1405 745 1471 est,
761 1416 919 1458 sermones
933 1395 1160 1481 incomplexos,
1175 1396 1216 1460 de

267 1496 463 1583 grammatici
474 1517 571 1559 manu
583 1494 748 1582 accipiens,
762 1495 956 1560 differentias
970 1509 1002 1560 et
1014 1499 1098 1560 vires
1108 1520 1217 1560 eorum

269 1598 438 1682 diligenter
460 1595 619 1682 exposuit,
634 1607 670 1659 ut
691 1595 732 1659 ad
756 1595 1005 1681 complexionem
1026 1597 1219 1662 enunciatio-

270 1721 356 1779 num,
366 1711 399 1763 et
414 1697 596 1764 inveniendi
606 1697 840 1784 judicandique
855 1697 1016 1761 scientiam
1028 1697 1154 1762 facilius
1168 1720 1219 1762 ac-

269 1801 392 1866 cedant.
432 1798 495 1864 Sed
507 1801 583 1885 quia
593 1802 634 1865 ad
646 1801 732 1866 hunc
743 1801 964 1864 elementarem
978 1800 1107 1879 librum,
1118 1800 1219 1886 magis

268 1899 486 1967 elementarem
503 1902 641 1986 quodam
659 1900 754 1965 modo
774 1899 898 1985 scripsit
921 1900 1130 1986 Porphyrius,
1145 1924 1216 1965 eum

267 2019 336 2070 ante
347 2002 549 2068 Aristotelem
562 2026 629 2068 esse
638 2002 774 2067 credidit
783 2001 957 2087 antiquitas
968 2001 1217 2088 praelegendum.

268 2108 364 2170 Recte
380 2104 510 2191 quidem
527 2103 553 2169 si
575 2117 659 2168 recte
682 2103 851 2167 doceatur:
882 2101 914 2165 id
935 2115 995 2178 est,
1011 2116 1048 2167 ut
1071 2103 1217 2169 tenebras

269 2226 328 2269 noo
352 2205 483 2269 inducat
506 2203 700 2281 erudiendis,
716 2226 773 2267 nec
795 2218 959 2268 consumat
982 2218 1119 2271 aetatem.
1166 2205 1217 2270 In·

269 2306 402 2393 dignum
424 2309 508 2370 enim
531 2319 590 2386 est,
612 2303 638 2369 si
660 2306 692 2369 in
715 2305 859 2392 quinque
874 2305 996 2371 voculis
1017 2308 1217 2374 addiscendis

270 2409 343 2495 quis
361 2408 457 2473 vitam
478 2420 571 2486 terat,
587 2420 624 2471 ut
646 2408 673 2471 ei
697 2407 777 2471 desit
801 2408 937 2493 spatium
961 2410 1152 2494 procedendi
1175 2412 1216 2476 ad

268 2510 331 2587 illa,
348 2531 486 2596 quorum
501 2510 607 2594 gratia
621 2509 799 2574 debuerant
816 2509 883 2574 haec
898 2512 1080 2596 praedoceri.
1122 2514 1217 2580 Unde

268 2596 419 2698 quodiam
440 2610 482 2676 ad
509 2609 572 2674 alia
597 2610 846 2675 introductorius
871 2625 931 2688 est,
953 2613 1080 2678 nornine
1108 2615 1219 2699 Isago-

268 2736 379 2800 garum
396 2711 591 2778 inscribitur.
634 2713 750 2797 Itaque
765 2713 962 2797 inscriptioni
978 2713 1145 2797 derogant,
1159 2719 1216 2800 qui

269 2814 310 2878 sic
341 2826 509 2877 versantur
538 2812 569 2875 in
595 2811 665 2886 hoc,
694 2824 730 2875 ut
759 2812 863 2877 locum
894 2813 1126 2900 principalibus
1155 2837 1217 2880 non

269 2914 461 3000 relinquant,
473 2912 593 2998 quibus
607 2912 735 2996 ignotis,
746 2936 808 2977 non
823 2927 870 2978 est
887 2914 974 2999 quod
987 2914 1218 2980 introducentis

268 3037 372 3102 operm
386 3014 492 3100 gratia
506 3011 670 3079 debeatur.

271 3193 351 3277 Cap.
372 3196 415 3256 17.
441 3195 547 3268 Quam
567 3197 745 3274 perniciose
767 3193 978 3271 donaciones
1000 3214 1071 3275 que
1083 3194 1219 3289 fuerint

310 3297 350 3361 de
359 3297 532 3378 generibus
546 3303 577 3359 et
590 3296 750 3379 speciebus
764 3296 928 3376 opiniones
942 3296 1173 3360 modernorum.

310 3433 442 3495 Nosrur
470 3450 543 3492 vero
568 3428 609 3493 ad
635 3428 876 3494 ostentationem
903 3428 1042 3492 scientiae
1068 3452 1145 3510 suae,
1172 3434 1217 3498 sic

268 3554 342 3596 suos
354 3529 531 3595 instituunt
546 3530 719 3607 auditores,
735 3542 773 3594 ut
788 3551 850 3592 non
866 3529 1086 3615 intelligantur
1097 3533 1139 3598 ab
1153 3535 1215 3609 eis;

268 3645 299 3721 et
308 3635 413 3718 apices
422 3630 565 3715 singulos
574 3631 701 3695 secretis
712 3631 870 3695 Minervae
879 3630 1028 3715 gravidos
1037 3633 1217 3718 opinantur.

267 3731 428 3818 Quicquid
447 3753 588 3818 unquam
606 3733 647 3796 ab
667 3731 776 3817 aliquo
796 3731 917 3796 dictum
940 3744 995 3796 aut
1014 3733 1134 3799 factum
1156 3749 1215 3814 est,

267 3835 448 3912 excutiunt,
464 3846 497 3897 et
512 3833 627 3898 teneris
642 3835 790 3920 ingerunt
805 3834 951 3898 auribus:
974 3848 1010 3899 ut
1026 3836 1115 3915 vitio,
1131 3839 1216 3924 quod

265 3960 285 4002 a
305 3938 461 4003 Cicerone
484 3935 644 4018 arguitur,
666 3956 753 4019 saepa
776 3939 886 4000 minus
911 3939 1065 4002 intellecti
1088 3943 1157 4003 sint
1181 3942 1218 4003 ob

266 4062 372 4106 rerum
396 4038 647 4115 multitudinem,
669 4060 766 4122 quam
789 4038 831 4102 ob
853 4038 1083 4105 difficultatem.
1128 4041 1217 4104 Utile

266 4141 395 4228 quidem
412 4151 459 4204 est
476 4152 508 4203 et
525 4137 737 4215 obviantibus,
754 4139 834 4203 sicut
850 4141 896 4203 ait
911 4138 1110 4210 Aristoteles,
1128 4160 1216 4201 nosse

265 4242 432 4330 opiniones
447 4238 636 4303 multorum:
663 4254 698 4305 ut
718 4263 758 4304 ex
781 4263 887 4304 earum
909 4239 1058 4303 conflictu
1077 4240 1117 4302 ad
1138 4239 1216 4302 invi-

267 4367 344 4426 cem,
360 4341 517 4431 quicquid
535 4362 595 4404 non
608 4342 687 4406 bene
702 4343 822 4408 dictum
835 4341 974 4420 videtur,
985 4338 1086 4403 refelli
1102 4339 1216 4416 valeat,

267 4443 468 4511 autmutari:
486 4446 506 4477 “
517 4442 571 4507 sed
584 4464 666 4508 nunc
679 4466 740 4508 non
751 4454 817 4506 erat
828 4441 876 4504 his
885 4444 1000 4522 locus,‘'
1007 4461 1107 4525 quum
1117 4441 1216 4506 oratio
