2992 5592
269 808 332 890 ³i⁶
535 819 671 864 sossius
687 818 968 864 saansasarsusrs

270 974 410 1055 antiqui;
458 972 620 1036 Ursarium
641 993 716 1035 vero
737 974 858 1035 bonum
880 973 1032 1051 angelum
1055 971 1124 1035 dici
1145 985 1233 1057 puto,

270 1076 324 1160 qui
340 1075 470 1138 cohibet
485 1085 517 1136 et
531 1073 625 1156 punit
639 1073 835 1137 adversarias
849 1084 1043 1157 potestates3
1068 1075 1126 1158 qui
1146 1075 1233 1140 hunc

269 1177 390 1241 ratione
406 1174 484 1238 fidei
500 1186 533 1237 et
547 1174 689 1237 caritatis
707 1182 839 1238 retentae
855 1184 889 1237 et
902 1174 1106 1257 poenitentiae
1127 1176 1162 1239 in
1177 1199 1234 1241 ex-

269 1278 377 1342 tremis
391 1299 411 1340 a
426 1276 663 1340 calumniatoris
677 1277 794 1360 laqueo
810 1276 991 1360 expedivit
1025 1277 1234 1342 Convenerat

269 1392 374 1444 sutem
386 1379 470 1442 inter
479 1400 546 1454 eos,
557 1377 634 1440 dum
646 1378 812 1458 egrotanti
823 1378 995 1442 Anselmus
1007 1379 1158 1445 assidens
1168 1395 1233 1446 tam

267 1481 383 1546 animoe
398 1501 494 1564 quam
509 1479 651 1561 corporis
666 1478 849 1542 necessaria
863 1478 1067 1555 ministraret,
1078 1494 1113 1544 et
1128 1484 1229 1545 multo

268 1584 388 1647 affectu
408 1579 608 1665 obsequendi
627 1580 812 1662 praeriperet
828 1579 936 1643 officia
957 1579 1112 1658 aliorum;
1137 1594 1173 1647 ut
1192 1585 1233 1660 ei,

270 1685 298 1748 si
320 1685 393 1747 Deo
412 1683 566 1768 placitum
587 1690 683 1758 esset,
705 1691 822 1745 sortem
845 1680 1043 1745 conditionis
1067 1703 1134 1747 suae
1158 1696 1233 1768 post

269 1784 393 1848 exitum
422 1783 587 1847 indicaret.
632 1784 783 1846 Mortuus
812 1804 942 1866 quoque
976 1784 1050 1846 vivo
1079 1786 1230 1848 exhibuit

269 1883 498 1963 obedientiam,
512 1884 604 1970 cujus
619 1883 751 1947 sormam
767 1882 871 1946 studio
892 1884 1029 1946 virentis
1047 1899 1229 1968 occeperat

270 1985 468 2070 Concipiens
493 2007 536 2048 ex
561 1985 683 2049 visione
710 2006 799 2068 spem
830 1984 953 2061 salutis,
981 1997 1013 2047 et
1039 1986 1231 2051 destructum

270 2089 450 2153 Osbemum
478 2108 572 2170 posse
598 2097 781 2151 sauctorum
807 2087 966 2168 suffragiis
992 2087 1149 2172 adjuvari,
1173 2112 1229 2173 per

270 2190 414 2270 singulos
427 2189 526 2252 totius
541 2190 617 2251 anni
633 2189 703 2251 dies
719 2190 792 2251 Deo
811 2209 868 2270 pro
890 2188 961 2271 ipso
976 2210 1034 2271 per
1049 2211 1085 2252 se
1100 2203 1157 2254 aut
1171 2212 1228 2275 per

268 2290 365 2353 alium
396 2287 496 2351 divini
523 2291 710 2354 sacramenti
737 2290 875 2354 hostiam
902 2292 1087 2373 procuravit
1112 2293 1229 2356 offerri.

268 2389 425 2474 Epistolis
450 2410 579 2473 quoque
606 2390 859 2475 circumquaque
886 2391 991 2455 missis
1016 2393 1168 2472 obtinuit,
1193 2407 1230 2458 ut

268 2513 326 2576 pro
351 2492 498 2556 Osberno
524 2512 582 2555 suo
603 2492 765 2555 orationes
786 2493 927 2556 facerent
949 2493 1087 2577 privatas
1116 2508 1151 2558 et
1176 2517 1228 2559 so·

268 2597 400 2670 lennes3
429 2592 516 2657 unde
543 2594 662 2658 sactum
689 2607 738 2657 est
763 2605 798 2659 ut
820 2595 1059 2658 successionem
1087 2597 1228 2660 Osbemi

269 2717 381 2759 omnes
407 2706 605 2780 appeterent,
627 2706 660 2758 et
685 2695 788 2778 ipsius
814 2695 996 2777 benignitas
1023 2696 1131 2779 plures
1160 2700 1228 2762 Do·

267 2798 355 2862 mino
369 2800 555 2874 lucraretur,
569 2817 667 2879 quam
684 2797 711 2858 si
736 2818 810 2859 cum
831 2797 1013 2861 austeritate
1031 2809 1154 2862 etcum
1170 2823 1228 2885 po·

268 2901 367 2964 tentia
383 2901 562 2982 imperaret.

311 2999 402 3065 Nihil
417 3013 522 3063 tamen
540 2999 580 3063 de
596 3000 703 3081 vigore
718 2997 840 3061 ordiuis
856 3002 1057 3079 remittebat;
1084 3001 1142 3065 sed
1158 3016 1226 3066 erat

267 3104 308 3169 ad
325 3101 574 3168 misericordiam
591 3122 686 3186 quam
703 3098 744 3164 ad
761 3102 912 3164 sevitiam
929 3104 1069 3186 pronior.
1097 3105 1225 3168 Namsi

267 3228 324 3291 pro
346 3208 497 3270 alterutro
524 3202 724 3267 damnandus
750 3212 855 3279 esset3
886 3205 1003 3283 mallet,
1027 3216 1063 3268 ut
1089 3204 1227 3284 dicebat,

266 3308 352 3392 apud
368 3309 473 3370 Deum
492 3307 627 3370 inveniri
647 3307 744 3369 nimis
759 3306 939 3370 misericors
961 3329 1057 3391 quam
1074 3308 1224 3372 crudelis.

267 3413 411 3476 Noverat
433 3412 519 3473 euim
544 3410 766 3473 auctoritatem
793 3419 826 3471 et
854 3410 1069 3474 austeritatem
1099 3411 1225 3487 inferre,

266 3514 413 3578 timorem
428 3513 536 3595 potius
551 3533 646 3594 quam
670 3531 819 3575 amorem.
865 3513 936 3574 Nec
960 3513 1030 3576 sine
1052 3534 1160 3576 amore
1176 3525 1225 3577 est

266 3614 363 3690 ordo;
386 3615 464 3697 quia
478 3615 567 3676 nulla
581 3634 655 3676 vera
665 3623 714 3676 est
725 3612 794 3676 sine
807 3613 938 3676 caritate
949 3614 1072 3696 religio.
1104 3616 1225 3700 Utique

265 3734 329 3777 non
341 3714 546 3794 extorquebis
558 3714 672 3789 amari;
696 3713 757 3776 hoc
770 3714 892 3777 alterna
905 3713 998 3791 fides,
1007 3715 1070 3777 hoc
1086 3715 1225 3797 simplex

265 3814 366 3900 gratia
381 3811 488 3876 donat
519 3815 680 3897 Operibus
695 3815 835 3879 caritatis
850 3827 882 3879 et
896 3815 1126 3880 misericordie
1142 3837 1222 3879 sem·

265 3940 323 4004 per
337 3916 486 3980 insistens
506 3916 641 3979 sructum
664 3917 836 4000 plurimum
859 3918 1001 3981 Domino
1022 3917 1222 4002 adquirebat.

268 4019 331 4087 Sed
356 4019 432 4105 quia
455 4018 579 4082 interim
606 4019 806 4100 negotiorum
834 4021 1022 4084 tumultibus
1047 4021 1221 4105 plurimum

266 4125 452 4199 vexabatur,
473 4120 632 4206 disposuit
650 4121 790 4205 prioratu
813 4121 936 4185 cedere.
970 4121 1037 4185 Sed
1057 4123 1222 4186 consultus

266 4227 445 4300 Maurilius,
468 4225 713 4308 Rotomagensis
734 4223 1008 4307 archiepiscopus,
1023 4224 1141 4309 jugum
1164 4225 1223 4287 im·

265 4330 404 4412 positum
426 4327 570 4391 secundo
593 4326 746 4410 praecepit
770 4327 804 4388 in
831 4327 944 4389 virtute
970 4326 1164 4390 obedientie
1191 4328 1223 4390 in

265 4429 361 4493 finem
373 4430 545 4493 sustinere:
570 4428 683 4492 eadem
695 4428 881 4492 auctoritate
893 4427 1061 4509 adjiciens,
1073 4439 1110 4492 ut
1126 4450 1223 4511 quum
