2992 5592
440 840 517 883 vrra
533 839 652 884 sineri
668 840 827 884 sussum.
1046 829 1109 887 385

159 992 331 1075 complevit
337 1014 347 1068 ;
367 991 455 1074 quod
472 991 640 1057 CurDeus
654 994 751 1056 homo
763 991 949 1055 intitulatur.
989 995 1110 1057 lueoloe

157 1105 264 1157 autem
279 1093 340 1156 vici
355 1095 555 1156 vexabantur
570 1115 662 1177 aquae
679 1095 823 1177 penuria,
838 1115 876 1156 eo
893 1094 981 1177 quod
995 1095 1110 1166 sontes,

156 1195 246 1278 putei
262 1205 293 1257 et
307 1196 455 1258 cisternae
470 1195 535 1258 sere
558 1195 689 1257 omnino
711 1195 845 1257 deerant
863 1195 937 1258 illis.
982 1197 1109 1261 Unicus

156 1311 264 1362 autem
285 1308 403 1378 puteus
423 1296 470 1359 eis
491 1297 525 1358 in
546 1294 729 1359 devexitate
754 1296 872 1358 montis
893 1298 1111 1374 subveniebat,

155 1401 291 1461 tenuiter
313 1397 457 1481 quidem,
479 1398 630 1480 quoniam
655 1398 769 1460 diebus
791 1397 928 1479 singulis
949 1410 1023 1462 aute
1045 1398 1111 1462 diei

155 1500 267 1563 horam
297 1520 414 1561 nouam
438 1499 519 1562 adeo
545 1499 804 1571 exhauriebatur,
828 1512 863 1562 ut
887 1499 969 1562 nihil
991 1500 1109 1563 exinde

156 1601 308 1684 usquein
325 1599 558 1664 alternmdiem
579 1601 772 1664 ministraret
791 1600 942 1664 humoris.
987 1602 1111 1685 Explo-

156 1722 232 1765 raus
262 1714 367 1765 antem
398 1701 577 1764 monachus
606 1701 719 1784 quiin
746 1722 786 1763 eo
810 1713 945 1782 praeerat
970 1688 1112 1787 ¹suscepti

156 1803 294 1886 hospitis
317 1801 519 1865 sanctitatem
542 1823 583 1864 ex
607 1802 785 1885 perspicuis
808 1803 921 1883 signis,
935 1804 1110 1866 incommo-

154 1904 289 1968 ditatem
312 1903 461 1986 exponit,
475 1917 543 1965 orat
564 1924 671 1985 opem,
687 1914 719 1966 et
740 1904 774 1966 in
798 1905 965 1968 cacumine
982 1905 1111 1981 montis,

155 2007 246 2088 qnod
267 2026 393 2069 summa
413 2003 605 2087 desipientia
620 2003 796 2081 videbatur,
816 2026 930 2088 aquam
947 2004 1026 2068 dicit
1039 2026 1110 2069 esse

158 2108 372 2191 querendam.
430 2106 555 2169 Laudat
584 2105 757 2168 Auselmus
787 2105 875 2188 pium
907 2105 1109 2170 desiderium.

158 2209 303 2290 Rogatur
323 2229 399 2289 ergo
415 2207 597 2282 Auselmus,
614 2218 649 2269 ut
668 2208 776 2269 locum
796 2207 903 2287 eligat,
920 2220 1032 2270 terram
1048 2208 1111 2290 pti·

158 2330 231 2372 mus
246 2311 375 2393 aperiat,
390 2321 423 2372 et
437 2330 552 2392 aquarn
569 2310 673 2372 vivom
689 2321 802 2373 exoret
817 2331 835 2372 a
852 2311 1003 2374 Domino.
1041 2311 1113 2388 llle,

158 2412 248 2474 velut
270 2411 420 2474 Clemens
442 2414 531 2488 alter,
547 2432 666 2474 morem
690 2433 805 2491 gerens
827 2412 960 2494 hospiti,
983 2412 1111 2494 petitio·

157 2535 232 2576 nem
248 2514 378 2595 implet;
401 2513 479 2575 etin
496 2514 585 2576 brevi
601 2513 737 2575 salubris
753 2524 786 2576 et
795 2513 884 2595 jugis
899 2535 992 2595 aquae
1007 2515 1110 2577 abun·

158 2615 240 2678 daus
262 2614 392 2677 inventa
413 2624 462 2676 est
487 2635 578 2676 vena.
625 2612 722 2684 Nam,
745 2614 829 2675 sicut
854 2614 971 2676 incolae
996 2614 1112 2690 ferunt,

157 2716 299 2780 adversis
310 2714 549 2777 infirmitatibus
560 2734 644 2794 aqua
659 2714 692 2774 in
710 2724 822 2794 potum
833 2713 949 2775 hausta
962 2723 1113 2776 curantur

155 2817 287 2898 aegroti3
309 2828 343 2879 et
365 2833 466 2894 usque
488 2813 522 2873 in
544 2810 734 2873 hodiernum
759 2810 843 2873 diem
867 2812 1110 2876 Cautuariensis

157 2914 394 2998 archiepiscopi
416 2923 531 2995 puteus
553 2911 619 2989 ille,
634 2911 691 2994 qui
714 2912 893 2974 uberrimus
916 2923 949 2976 et
971 2913 1110 2977 minimae

157 3014 386 3100 profunditatis
412 3023 471 3089 est,
495 3013 684 3095 appellatur.
730 3013 794 3075 His
824 3013 938 3076 diebus
968 3014 1112 3095 Regerus

157 3115 229 3178 dux
258 3113 397 3196 Apuliae,
422 3111 569 3195 Capuam
599 3112 763 3187 obsidens,
786 3112 828 3176 ad
858 3133 891 3176 se
917 3115 1020 3177 virum
1049 3114 1112 3178 Dei

158 3214 267 3277 venire
291 3212 378 3276 lacit.
425 3213 527 3285 Quem
551 3234 626 3275 cum
649 3234 775 3275 summo
797 3213 917 3276 honore
944 3213 1113 3297 recipiens,

158 3315 190 3379 ei
201 3315 235 3378 iu
248 3314 373 3397 capella
390 3312 527 3396 quadam
544 3311 747 3377 commodum
759 3313 899 3375 officium
911 3315 1112 3397 procurabat,

158 3428 196 3480 ut
210 3438 253 3480 ex
267 3415 444 3479 remotione
464 3417 625 3479 exercitus
639 3436 703 3477 non
722 3415 856 3478 haberet
876 3416 1055 3492 tumultum,
1070 3436 1114 3479 ex

158 3515 430 3599 viciniaquotidie
454 3516 572 3597 saepius
595 3535 702 3577 seeum
726 3515 858 3578 haberet
873 3515 1000 3578 ducem.
1047 3515 1113 3579 Ubi

160 3639 261 3702 quum
276 3616 413 3702 quadam
430 3630 525 3680 nocte
547 3617 672 3680 caeteris
687 3617 929 3699 quiescentibus
942 3619 1114 3682 Auselmus

159 3720 373 3802 egrederetur,
383 3720 416 3781 in
430 3732 565 3782 veterem
582 3719 751 3781 cisternam
767 3720 873 3783 multae
886 3718 1112 3803 profunditatis

160 3821 289 3902 cecidit,
311 3822 496 3905 cadensque
518 3821 667 3883 clamavit
690 3821 812 3898 diceus,
834 3824 957 3885 Sancto
981 3822 1113 3886 Maria!

159 3928 373 3989 Accurreutes
402 3925 482 3987 socii
511 3938 634 4006 patrem
659 3922 768 3986 vident
797 3925 831 3986 iu
861 3925 1019 4008 profundo
1050 3925 1113 3988 sere

160 4027 398 4104 exanimatum
436 4025 492 4089 aed
524 4026 593 4108 ipse
625 4025 717 4105 signo
747 4024 822 4088 dato
852 4026 976 4087 indicat
1004 4047 1038 4088 se
1067 4025 1115 4087 nil

159 4130 301 4194 lesionis
316 4151 386 4193 esse
402 4149 601 4209 perpessum,
612 4138 643 4189 et
653 4127 785 4188 omuino
801 4126 970 4187 incolumis
980 4125 1114 4191 eductus

161 4242 221 4295 est.
266 4231 364 4293 Venit
385 4232 440 4293 illo
465 4232 617 4294 Urbanus
643 4229 809 4290 Romanus
833 4227 996 4310 pontisex;
1025 4229 1113 4292 etin

160 4332 290 4396 civitate
304 4331 516 4415 hospitiorum
532 4330 612 4395 adeo
622 4330 729 4413 juncti
746 4339 831 4404 suut,
847 4337 883 4391 ut
897 4329 960 4391 t'ere
977 4330 1112 4413 quicun-

160 4455 224 4517 que
239 4432 416 4497 accedebat
431 4433 472 4497 ad
486 4434 665 4509 Urbanum,
677 4430 846 4494 diverteret
859 4428 900 4494 ad
915 4431 1110 4497 Anselmurn.
