2992 5592
427 805 486 868 148
677 823 815 865 rornrrs
831 819 1107 865 sannarumunsrs
1224 783 1306 880 [aia.
1324 819 1372 862 ru.

423 971 572 1055 cognitio,
587 973 643 1057 qui
659 973 716 1035 etsi
741 993 803 1035 non
824 966 988 1033 abundent
1009 969 1191 1054 praeceptis,
1209 969 1268 1032 nisi
1292 991 1374 1045 raro,

423 1096 529 1136 rerum
558 1087 661 1136 tamen
693 1093 937 1155 sermonumque
966 1070 1164 1133 utilissimam
1196 1069 1372 1133 doctrinam

421 1176 552 1238 faciunt.
585 1175 668 1250 Quia
678 1197 755 1256 ergo
770 1172 955 1235 exercitatio
968 1171 1163 1246 Dialecticae,
1179 1170 1219 1234 ad
1236 1168 1372 1234 alterum

421 1293 468 1339 est
479 1302 488 1346 ;
514 1298 614 1360 pares,
627 1297 708 1359 quos
719 1273 878 1359 producit,
891 1287 923 1336 et
938 1294 1022 1358 quos
1034 1273 1213 1336 rationibus
1225 1273 1373 1345 munivit,

422 1391 453 1440 et
471 1378 558 1455 locis,
573 1400 630 1441 sua
649 1375 741 1439 docet
763 1398 850 1438 arma
872 1389 1019 1452 tractare,
1034 1385 1065 1437 et
1086 1397 1245 1438 sermones
1266 1378 1374 1458 potius

423 1501 584 1541 conserere
599 1499 694 1563 quarn
715 1476 873 1555 dexteras,
889 1487 920 1539 et
941 1490 1031 1539 tanta
1051 1474 1176 1539 cautela
1191 1474 1321 1552 imbuit,
1337 1490 1371 1540 ut

424 1579 522 1642 totius
543 1578 731 1663 eloquentiae
753 1589 910 1661 praecepta
930 1575 1004 1640 hinc
1030 1588 1132 1639 tracta
1147 1575 1374 1661 principaliter,

424 1679 510 1743 velut
531 1704 549 1742 a
570 1679 732 1765 primitivo
752 1678 838 1740 sonte
857 1675 987 1758 originis
1010 1700 1088 1751 suae,
1103 1698 1232 1739 manare
1255 1679 1374 1761 perspi·

422 1804 519 1844 cuum
536 1782 586 1845 sit.
632 1779 855 1844 Indubitanter
870 1778 952 1841 eninr
968 1799 1075 1841 verum
1091 1790 1149 1851 est,
1168 1777 1257 1863 quod
1272 1777 1372 1842 fateo-

424 1898 478 1945 tur
495 1883 606 1945 Cicero
621 1895 652 1945 et
664 1879 887 1956 Quintilianus,
898 1879 974 1963 quia
985 1877 1057 1942 hinc
1069 1901 1131 1942 non
1143 1877 1239 1942 modo
1254 1877 1374 1943 Rheto-

423 1983 557 2046 ricorunr
578 1981 812 2066 adjumentum,
828 1978 881 2042 sed
898 1991 929 2042 et
951 1979 1140 2065 principium
1157 1980 1325 2056 Rhetores,
1342 1995 1372 2044 et

422 2084 589 2167 scriptores
611 2083 727 2145 artium
752 2094 1007 2164 assumpserunt:
1040 2080 1241 2166 postmodum
1266 2095 1372 2145 tamen

422 2183 558 2267 propriis
581 2182 713 2244 dilatata
738 2195 785 2244 est
812 2181 975 2244 institutis.
1023 2186 1175 2245 Versatur
1199 2205 1278 2267 ergo
1304 2197 1374 2249 tota

422 2282 603 2346 Dialecticae
624 2280 768 2364 agitatio,
784 2280 932 2364 quoniam
954 2280 1034 2345 alter
1049 2280 1180 2345 alterius
1192 2283 1296 2367 judex
1312 2298 1372 2361 est,

420 2384 501 2446 inter
513 2395 723 2467 opponentem
736 2394 768 2445 et
778 2382 1030 2467 respondentem.
1063 2384 1188 2446 Horum
1202 2407 1279 2448 vero
1291 2400 1375 2450 uter-

420 2506 482 2571 que
498 2485 590 2548 tinem
615 2506 707 2546 suum
731 2485 924 2567 assequitur,
941 2484 967 2546 si
989 2484 1067 2547 nihil
1089 2484 1217 2549 omittat
1239 2510 1278 2550 ex
1302 2512 1373 2552 oon·

420 2586 634 2670 tingentibus:
670 2584 695 2647 si
725 2587 888 2670 proposito
914 2584 957 2648 sic
986 2584 1119 2660 insistat,
1147 2600 1185 2651 ut
1210 2601 1244 2652 et
1271 2612 1315 2667 se,
1340 2604 1371 2653 et

420 2687 592 2751 orationem
609 2686 814 2771 increpationi
837 2685 1004 2750 subducat.
1050 2691 1122 2751 Non
1143 2688 1228 2752 euim
1249 2713 1373 2776 semper

422 2790 529 2853 eadem
546 2802 592 2852 est
609 2787 831 2873 increpationis
844 2787 982 2850 occasio:
1008 2810 1079 2851 nam
1092 2788 1285 2876 plerumque
1300 2815 1372 2878 pro-

421 2892 528 2977 positi,
544 2891 733 2976 plerumqne
754 2890 957 2973 proponentis
978 2893 1074 2974 culpa
1087 2904 1142 2955 est
1193 2891 1371 2978 Siquidem,

422 3007 458 3056 ut
474 2995 518 3056 ait
534 2990 729 3067 Aristoteles,
744 3012 805 3053 non
821 3005 868 3053 est
884 2989 917 3054 in
933 2993 1032 3053 altero
1048 3005 1169 3055 tantam
1185 2994 1267 3057 bene
1283 2994 1370 3057 linire

421 3115 690 3178 communeopus:
708 3115 778 3155 nam
790 3105 820 3155 et
831 3091 887 3177 qui
898 3091 1067 3176 litigatorie
1077 3093 1265 3179 interrogat,
1275 3118 1372 3180 prave

421 3196 575 3281 disputat,
598 3210 629 3260 et
652 3192 764 3280 quiin
788 3192 1006 3278 respondendo
1029 3216 1091 3256 non
1115 3195 1262 3260 concedit
1284 3196 1369 3282 quod

422 3296 558 3369 videtur,
574 3319 676 3382 neque
692 3294 823 3380 suscipit
845 3294 1029 3380 quicquam,
1045 3296 1134 3380 quod
1153 3294 1223 3360 vult
1241 3296 1371 3363 interm-

419 3417 498 3476 gans
506 3394 680 3478 inquirere:
703 3395 912 3458 Manifestum
923 3394 1017 3457 etiam
1028 3396 1179 3480 quoniam
1190 3419 1253 3460 non
1264 3399 1370 3462 simili·

420 3506 469 3555 ter
480 3492 719 3577 increpandum,
731 3507 762 3556 et
777 3517 832 3578 per
844 3518 876 3558 se
889 3494 1054 3569 rationem,
1066 3509 1098 3559 et
1110 3496 1370 3583 interrogantem.

420 3591 509 3654 Nihil
521 3592 603 3655 eninr
620 3592 768 3676 prohibet
780 3595 936 3658 rationem
951 3594 1079 3680 quidem
1092 3618 1223 3682 pravam
1236 3623 1316 3679 esse,
1327 3601 1370 3664 in-

420 3703 633 3773 terrogantem
649 3714 734 3771 vero,
747 3707 783 3756 ut
798 3695 968 3779 contingit,
980 3696 1100 3781 optime
1115 3712 1230 3761 contra
1245 3722 1370 3786 respon-

420 3791 545 3855 dentem
556 3789 734 3876 disputare:
760 3816 831 3855 narn
847 3807 959 3856 contra
975 3794 1132 3877 dyscolos,
1142 3820 1206 3861 non
1222 3799 1370 3885 possibile

418 3889 551 3953 fortasse
567 3891 685 3970 statim,
699 3891 811 3976 quales
826 3892 899 3976 quis
911 3893 992 3967 vult,
1005 3895 1060 3957 sed
1077 3897 1188 3981 quales
1203 3899 1370 3985 contingit,

418 3991 521 4055 facere
548 3992 759 4077 syllogismos.
810 3995 869 4056 Est
895 4007 1001 4059 autem
1027 4019 1148 4082 pravus
1174 4000 1290 4081 socius,
1315 4000 1368 4088 qui

419 4091 550 4179 impedit
572 4116 739 4157 commune
759 4116 849 4177 opus.
895 4095 1040 4171 Qualiter
1056 4121 1131 4161 vero
1154 4100 1300 4166 facienda
1315 4113 1370 4167 aut

418 4193 548 4257 vitanda
563 4195 604 4257 sit
626 4194 810 4256 alterutrius
825 4194 1009 4279 increpatio,
1026 4219 1066 4260 an
1089 4199 1216 4276 utilius,
1237 4223 1277 4264 an
1299 4202 1371 4267 sub·

419 4293 516 4372 tilius,
545 4308 577 4357 et
607 4293 745 4355 strictius
775 4292 899 4367 doceat,
926 4293 1081 4361 incertum
1111 4299 1222 4364 habeo.
1272 4305 1370 4367 Porro

419 4396 498 4456 bene
520 4393 741 4476 interrogantis
761 4414 843 4476 opus
865 4406 924 4470 est,
947 4409 983 4458 ut
1006 4396 1103 4461 faciat
1125 4402 1368 4486 respondentem
