2992 5592
269 806 330 866 196
522 817 660 861 sonuurs
676 812 959 860 ssunsnnarnusrs
1080 794 1177 873 [mm.
1193 811 1220 853 v.

268 970 310 1034 ab
323 967 456 1031 effectu:
481 966 553 1030 ideo
564 967 652 1054 quod
666 968 779 1052 ipsam,
790 988 852 1029 non
866 964 924 1029 nisi
936 985 1055 1042 cassus,
1067 976 1100 1027 et
1114 983 1223 1036 vanus,

267 1067 421 1155 percipiat
433 1067 623 1132 intellectus.
660 1069 713 1133 Sic
724 1082 757 1131 et
773 1068 804 1129 in
819 1066 972 1152 physicis,
985 1088 1061 1130 sana
1074 1063 1225 1126 dicuntur

268 1193 336 1235 esse
349 1169 397 1233 vel
409 1192 506 1254 aegra,
516 1192 600 1232 nunc
612 1173 782 1246 animalia,
795 1190 880 1231 nunc
891 1171 999 1249 signa,
1012 1189 1098 1229 nunc
1110 1187 1224 1227 causae.

269 1272 318 1335 Ut
347 1283 454 1334 autern
485 1292 504 1332 a
533 1269 676 1335 Platonis
705 1267 875 1332 eminentia
903 1290 976 1332 cum
1008 1263 1226 1351 Peripateticis

267 1370 435 1458 paululum
463 1369 701 1449 descendamus,
727 1393 764 1433 ea
789 1392 862 1433 vera
888 1369 1042 1433 dicuntur
1068 1390 1147 1442 esse,
1174 1363 1221 1428 vel

269 1474 359 1548 falsa,
383 1495 468 1557 quae,
491 1486 528 1536 ut
558 1471 597 1535 de
628 1471 859 1557 significatione
889 1470 1129 1557 complexorum
1160 1490 1223 1531 ser·

269 1599 399 1640 monum
429 1586 561 1658 apator,
591 1587 678 1638 certo
708 1573 931 1659 percipiuntur
961 1572 1139 1645 intellectu,
1168 1580 1222 1631 aut

270 1701 370 1744 vano:
395 1677 427 1740 hi
451 1675 724 1762 siquiden1,velut
748 1677 806 1761 qui
828 1675 1094 1761 philosophantur
1112 1676 1221 1736 huma·

271 1780 354 1855 nius,
368 1791 400 1844 et
423 1800 494 1841 cum
519 1776 701 1855 Platonicis,
719 1800 780 1841 non
801 1777 961 1840 excedunt
983 1787 1090 1839 monte
1111 1773 1170 1836 sibi
1191 1782 1221 1832 et

271 1882 353 1954 Deo,
370 1879 424 1942 sed
446 1880 542 1943 sobrii
566 1893 653 1955 sunt,
670 1878 852 1943 hominibus
872 1878 904 1941 in
924 1898 963 1940 eo
984 1878 1151 1940 veritatem
1167 1884 1221 1935 aut

269 1980 439 2044 falsitatem
450 1995 607 2061 statuunt,
617 1982 648 2044 in
658 2005 724 2067 quo
736 1981 817 2045 sicut
828 1980 1002 2067 percipitur
1013 1974 1220 2041 examinando

270 2095 301 2145 et
317 2083 614 2164 comprehendendo
626 2083 728 2146 fidelis
739 2096 787 2147 est
798 2097 854 2147 aut
870 2105 1018 2148 erroneus
1028 2077 1219 2143 intellectus.

272 2182 403 2246 sienim
428 2206 492 2245 rem
510 2185 553 2247 sic
575 2207 641 2246 esse
660 2198 694 2248 ut
714 2200 773 2261 est,
789 2198 846 2248 aut
862 2207 923 2247 non
944 2205 1008 2246 esse
1022 2193 1059 2244 ut
1080 2191 1217 2251 nonest,

270 2282 520 2366 comprehendit,
539 2283 663 2369 judicio
689 2296 776 2348 certo
802 2299 834 2349 et
861 2284 946 2348 fideli
973 2305 1048 2346 usus
1074 2293 1140 2344 est:
1173 2279 1219 2341 sin

270 2397 376 2448 autem
398 2383 447 2446 vel
468 2407 529 2448 non
546 2409 612 2449 esse
636 2386 723 2472 quod
747 2402 807 2465 est,
824 2388 871 2450 vel
893 2385 1063 2472 essequod
1084 2394 1218 2455 nonest,

270 2484 430 2570 opinatur,
443 2485 654 2568 proculdubio
667 2487 800 2564 fallitur,
812 2502 844 2552 ct
855 2501 949 2552 errat.
985 2486 1076 2549 ldcm
1092 2504 1220 2570 quoque

271 2600 318 2651 est
334 2587 366 2649 in
387 2588 594 2653 sermonibus.
644 2588 707 2653 Res
727 2604 848 2667 autem,
863 2613 937 2677 quae
961 2587 1109 2675 seipsam,
1124 2595 1219 2672 prout

270 2703 328 2764 est,
344 2687 519 2754 intellectui
540 2691 678 2777 subjicit,
694 2715 769 2756 vera
783 2706 850 2766 est,
878 2715 953 2778 quae
972 2691 1074 2766 aliter,
1092 2712 1172 2752 vana
1190 2700 1221 2749 et

271 2791 362 2859 falsa.
407 2796 496 2876 Ergo
517 2794 645 2857 amodo
667 2795 864 2881 percipiendi
889 2795 1018 2875 (scilicet
1034 2817 1101 2880 quo
1122 2791 1220 2878 perci-

271 2896 416 2980 piuntur,
431 2909 487 2959 aut
511 2895 712 2981 percipiunt,)
735 2897 933 2961 convincitur
956 2896 1072 2961 veritas
1086 2909 1142 2959 aut
1165 2892 1221 2956 lal-

271 2996 347 3061 sitas
362 3012 425 3061 tam
442 2996 639 3082 opinionum,
655 3020 752 3082 quam
774 3020 898 3061 rerum:
929 3000 1117 3061 Sermonum
1133 3017 1218 3069 vero,

271 3118 291 3158 a
305 3095 400 3159 modo
415 3096 622 3181 significandi.
668 3094 764 3162 Unde
780 3098 858 3183 quia
872 3101 977 3162 Deum
994 3096 1062 3160 falli
1077 3096 1219 3180 impossi-

272 3198 334 3261 bile
349 3211 407 3274 est,
421 3198 630 3284 proculdubio
644 3213 779 3277 constat,
791 3203 941 3285 quoniam
957 3222 1023 3285 quo
1035 3198 1158 3262 fidelior
1173 3209 1219 3260 est

271 3298 410 3374 scientia,
427 3313 459 3363 et
474 3301 599 3376 certior,
616 3323 653 3363 eo
669 3302 773 3364 minus
787 3301 866 3365 salsa
881 3301 1133 3387 comprehendit.
1171 3300 1221 3361 Ea

272 3414 376 3462 tamen
389 3401 469 3462 falsa
484 3424 549 3463 esse
561 3403 732 3486 cognoscit,
745 3404 833 3488 quod
851 3426 959 3468 verum
974 3415 1033 3478 est,
1046 3416 1079 3466 et
1094 3399 1220 3464 veritati

269 3498 375 3563 omnia
404 3503 642 3586 contemplanti,
668 3526 730 3567 non
760 3516 864 3590 potest
893 3528 959 3568 esse
988 3503 1220 3568 absconditum.

270 3605 352 3665 Nam
377 3623 472 3686 penes
494 3604 661 3666 essentiam
687 3605 759 3684 Dei,
781 3606 943 3691 primitiva
967 3607 1096 3684 veritas,
1117 3605 1152 3670 id
1174 3616 1220 3669 cst

269 3702 440 3778 certitudo,
463 3717 520 3767 aut
540 3706 706 3782 stabilitas,
729 3723 786 3770 aut
810 3707 935 3772 claritas
956 3723 1016 3785 est,
1039 3721 1071 3772 et
1095 3709 1137 3773 ab
1163 3709 1220 3771 hac

268 3803 432 3868 derivatur
454 3806 703 3889 quodammodo,
727 3809 880 3895 quicquid
904 3811 935 3874 in
962 3812 1058 3875 rebus
1086 3811 1220 3876 fideliter

268 3906 383 3971 dicitur
398 3929 507 3970 verum
531 3931 607 3973 esse.
656 3912 821 3996 Siquidem
844 3913 891 3978 illi
911 3913 969 3978 soli
991 3913 1134 3979 omnium
1154 3933 1218 3978 tam

270 4033 386 4085 rerum,
398 4032 493 4095 quam
505 4033 698 4091 sermonum,
708 4014 909 4093 cohaerentia,
921 4015 969 4079 vel
979 4016 1221 4083 discohaerentia

267 4127 401 4190 constat,
428 4128 459 4178 et
489 4130 573 4180 certa
598 4129 656 4180 est.
702 4121 811 4182 Homo
838 4141 914 4181 vero
939 4133 1220 4207 quantuscunque,

267 4221 394 4283 allectat
420 4217 548 4304 quidem
574 4219 752 4284 certiorari:
787 4220 934 4303 eoquod
961 4244 1051 4286 amor
1077 4222 1219 4287 veritatis

266 4335 421 4405 cognatus
441 4338 472 4385 et
492 4324 620 4385 innatus
639 4333 688 4384 est
702 4320 828 4393 rationi,
845 4334 889 4399 et,
904 4333 940 4385 ut
962 4323 1008 4386 ait
1024 4324 1218 4401 Martianus,

265 4444 337 4484 curn
354 4420 528 4507 philologia
543 4419 628 4484 illam
648 4419 850 4500 existentem,
865 4435 897 4486 et
912 4445 950 4486 ex
973 4445 1036 4487 non
1053 4426 1219 4516 existenti·
