2992 5592
281 819 338 864 ora.
354 801 420 880 un]
618 819 861 865 unrsaoorcus.
1159 810 1220 872 159

277 1056 343 1139 Cap.
366 1061 396 1119 3.
424 1055 521 1123 Quod
533 1055 608 1119 liber
622 1075 685 1118 nora
704 1065 837 1120 actenus
852 1060 943 1121 utilia
957 1066 1004 1123 eu
1019 1062 1062 1123 ad
1072 1064 1217 1144 phrasim

612 1160 873 1239 comparandam.

311 1277 410 1341 Srcur
431 1290 542 1339 autern
563 1276 682 1361 regulae
704 1274 798 1339 utiles
819 1292 904 1354 sunt,
925 1294 957 1344 et
982 1285 1162 1346 necessarias
1176 1282 1217 1346 ad

273 1376 439 1455 scientiam,
454 1376 500 1440 sic
516 1376 596 1440 liber
611 1376 677 1440 fere
692 1376 815 1441 inutilis
829 1380 929 1443 estad
945 1380 1084 1464 phrasim
1100 1383 1218 1447 instru-

271 1477 390 1552 endam,
428 1501 528 1564 quam
565 1501 621 1542 nos
658 1478 745 1542 verbi
782 1479 1008 1566 supellectilem
1048 1504 1218 1567 possumus

270 1579 433 1665 appellare.
480 1582 541 1644 Est
556 1579 637 1643 enim
655 1579 778 1666 phrasis
800 1581 966 1645 commoda
982 1582 1069 1644 verbi
1085 1583 1220 1648 facilitas

270 1680 434 1767 inquavis
456 1681 577 1765 lingua.
623 1683 712 1765 Ergo
742 1683 873 1746 scientia
895 1683 1077 1746 memoriter
1097 1698 1144 1747 est
1167 1685 1218 1748 lir-

270 1782 389 1861 manda,
403 1796 435 1846 et
461 1782 558 1846 verba
581 1783 732 1868 pleraque
753 1783 951 1869 excerpenda
967 1796 1059 1847 sunt:
1083 1807 1120 1847 ea
1134 1785 1217 1849 euim

268 1883 356 1948 debet
373 1906 442 1947 esse
465 1882 717 1968 philosophantis
738 1883 872 1963 cautela,
889 1897 924 1948 ut
942 1884 1109 1948 verborum
1126 1886 1218 1950 intel·

268 1984 358 2051 lectui
368 1988 638 2070 semperinsistat,
649 1999 681 2050 et
695 1999 810 2070 praeter
821 1987 879 2050 hoc
890 1987 1060 2072 diligenter
1069 2002 1218 2074 excerpat

269 2087 371 2162 rerba,
398 2108 475 2173 quae
498 2086 561 2150 alio
582 2087 746 2150 commode
768 2088 1013 2164 transferuntur,
1034 2103 1065 2154 et
1081 2113 1217 2174 quorum

269 2202 370 2272 protest
400 2212 468 2253 esse
492 2188 689 2273 frequentior
713 2211 801 2252 usus.
848 2188 989 2275 Reliqua
1012 2205 1219 2275 coaequantur

269 2291 349 2355 foliis
371 2291 440 2355 sine
464 2291 585 2370 fructu,
606 2306 637 2355 et
661 2291 702 2353 ob
726 2293 785 2355 hoc
808 2304 864 2355 aut
887 2292 1060 2369 calcantur,
1082 2304 1140 2358 aut
1161 2317 1219 2359 sua

267 2393 492 2478 relinquuntur
515 2393 546 2455 in
576 2392 698 2456 arbore.
745 2392 840 2458 Unde
863 2395 919 2479 qui
943 2396 1146 2460 Aristotelem
1170 2419 1218 2460 se-

266 2507 420 2580 quuntur,
439 2496 471 2558 in
494 2494 675 2558 turbatione
699 2496 860 2558 nominum
878 2509 910 2558 et
926 2497 1107 2575 verborum,
1122 2512 1154 2564 et
1170 2499 1218 2562 in·

267 2597 376 2662 fricata
391 2596 581 2673 subtilitate,
599 2609 635 2658 ut
650 2619 743 2659 suum
761 2597 940 2671 vendicent,
953 2598 1086 2663 aliorum
1102 2600 1219 2664 obtun-

267 2699 344 2763 dunt
375 2697 515 2782 ingenia,
553 2710 675 2782 partem
709 2698 875 2782 pessimam
914 2697 991 2761 mihi
1021 2698 1218 2784 praeelegisse

267 2801 424 2874 videntur,
449 2822 515 2884 quo
539 2798 669 2882 quidem
694 2799 772 2862 vitio
802 2798 957 2881 Anglicus
986 2813 1092 2863 noster
1115 2800 1218 2863 Adam

268 2904 342 2969 mihi
365 2925 434 2988 prae
457 2901 582 2965 caeteris
605 2901 691 2964 risus
712 2915 759 2964 est
775 2901 947 2977 laborasse,
963 2902 995 2964 in
1013 2900 1105 2977 libro,
1121 2923 1217 2984 quern

265 3019 361 3069 artem
378 3002 553 3068 disserendi
569 3001 739 3086 inscripsit.
782 3004 828 3065 Et
844 3005 973 3065 utinam
988 3003 1219 3080 benedixisset,

266 3108 342 3170 bono
363 3126 441 3188 quae
462 3105 568 3168 dicit:
592 3119 625 3168 at
641 3102 714 3167 licet
738 3102 909 3166 familiares
929 3103 998 3186 ejus
1021 3116 1052 3166 et
1067 3102 1220 3182 fautores,

268 3207 324 3271 hoc
339 3205 513 3271 subtilitati
528 3206 703 3280 ascribunt,
720 3203 848 3289 plurimi
868 3218 973 3267 tamen
998 3203 1056 3266 hoc
1077 3226 1116 3266 ex
1136 3203 1218 3268 desi·

267 3310 385 3394 pientia
409 3308 459 3371 vel
486 3308 661 3372 invidentia
683 3307 767 3382 vani,
794 3315 831 3368 ut
851 3305 954 3380 aiunt,
974 3304 1121 3380 hominis,
1143 3328 1218 3372 con·

266 3409 371 3495 tigisse
392 3407 595 3494 interpretati
616 3422 699 3473 sunt.
746 3407 841 3471 Adeo
860 3406 942 3470 enim
957 3407 1112 3493 expressit
1129 3408 1220 3473 Aris·

266 3511 390 3576 totelem
424 3511 624 3574 intricatione
655 3510 835 3586 verborum,
868 3524 903 3574 ut
933 3507 1059 3574 sobrius
1090 3511 1219 3575 auditor

266 3613 1218 3695 rectesubjungat,rionnehocspumosuni,etcorticepingui‚

267 3724 301 3775 ut
314 3717 441 3777 romule
454 3721 547 3776 uetus
561 3705 749 3795 prieproudi
764 3715 875 3778 subere
888 3723 1004 3778 coctum
1018 3718 1034 3778 f
1062 3714 1220 3778 Habenda

266 3829 310 3880 est
339 3830 455 3879 tamcm
481 3814 667 3877 auctoribus
693 3813 809 3897 gratia,
833 3816 911 3899 quia
935 3816 975 3878 de
999 3819 1084 3880 fonte
1108 3836 1218 3878 eorum

266 3913 454 3991 haurientes,
473 3916 580 3979 labore
597 3915 739 3978 ditamur
754 3915 865 3979 alieno.

400 4104 482 4186 Cap.
500 4103 530 4160 4.
556 4104 638 4175 Quae
653 4106 693 4166 su
708 4103 783 4165 libri
796 4107 894 4184 primi
909 4108 1076 4185 conceptio.

305 4222 487 4285 Clarnuuu
503 4219 589 4301 quod
613 4242 736 4283 ueccssc
752 4234 798 4283 est
820 4221 903 4294 sciri,
928 4220 1086 4282 verissime
1108 4231 1139 4279 et
1153 4239 1220 4280 cer·

267 4319 383 4383 tissime
407 4318 556 4404 traditur.
604 4323 675 4383 Hoc
697 4321 845 4405 equidem
870 4334 929 4393 cst,
944 4319 1022 4402 quid
1045 4317 1221 4399 propositio

267 4418 442 4494 dialectica,
455 4435 512 4481 aut
525 4419 789 4491 demonstratum
809 4415 1220 4501 universalis,particularis,
