2992 5592
158 801 284 881 uam]
508 816 747 864 urramorcus.
1045 805 1103 866 t·21

154 977 247 1032 autem
271 967 386 1048 homo,
410 989 513 1032 caecata
533 969 674 1032 dicitur:
704 968 830 1033 caecitas
855 993 940 1046 vero,
965 970 1105 1038 minime.

156 1071 218 1134 Non
233 1084 283 1136 cst
303 1071 422 1157 itaque
438 1094 477 1135 ex
499 1069 563 1135 levi
585 1069 746 1134 occasione
762 1072 861 1149 verbi,
879 1073 976 1137 menti
998 1087 1106 1139 aucto·

152 1195 213 1236 mm
230 1172 524 1262 praejudicandum,
539 1195 616 1259 quae
639 1195 677 1235 ex
698 1173 935 1239 circumstantia
953 1175 1106 1241 sermonis

151 1275 307 1360 pensanda
322 1286 384 1340 est.
433 1274 503 1338 Non
519 1274 604 1338 enim
618 1275 721 1338 omnis
737 1274 835 1340 dictio
850 1299 973 1363 semper
993 1278 1105 1342 eodem

150 1375 303 1441 formatur
315 1374 490 1441 schemate.
520 1373 619 1440 Plane
631 1375 878 1455 denominativa,
890 1402 953 1444 non
968 1381 1104 1446 eundem

151 1478 195 1542 his
217 1499 236 1542 a
260 1477 387 1561 quibus
411 1477 667 1558 denominantur,
689 1479 886 1545 intellectum
914 1482 1105 1565 significant,

152 1581 251 1646 necin
266 1579 404 1644 eandem
421 1602 486 1644 rem
502 1579 665 1645 descendit
680 1584 806 1645 animus
820 1581 871 1645 his
885 1581 1025 1657 auditis3
1050 1607 1107 1648 nec

150 1680 321 1748 eorundem
347 1680 543 1768 appellativa
558 1695 652 1745 sunt:
684 1704 751 1747 ase
778 1681 860 1745 enim
884 1681 1019 1745 invicem
1040 1688 1107 1770 ple·

153 1808 285 1873 rumque
302 1798 520 1862 removentur,
536 1797 568 1849 et
590 1785 630 1849 ad
655 1806 691 1848 ea
717 1783 863 1868 sequitur
889 1785 1107 1852 contradictio.

153 1886 318 1952 Interdum
337 1899 443 1952 tamen
459 1909 492 1950 se
506 1884 665 1973 patienter
683 1885 871 1968 admittunt,
887 1900 918 1952 et
934 1887 975 1951 de
996 1887 1106 1954 eodem

151 1986 253 2065 simul,
272 1986 323 2050 vel
350 1987 390 2050 de
414 2009 447 2050 se
470 1986 605 2052 invicem
630 1987 849 2074 praedicantur
870 1988 1107 2056 denominative

152 2090 330 2175 conjugata.
372 2085 454 2151 Nam
471 2101 503 2154 et
518 2087 643 2154 bonitas
657 2090 753 2167 bona,
768 2111 839 2155 uno
856 2090 962 2155 unitas
977 2089 1105 2158 dicitur.

153 2189 314 2275 Regulare
329 2198 435 2253 tamen
451 2201 511 2267 est,
529 2202 565 2253 ut
581 2189 621 2254 ad
646 2213 683 2254 ea
707 2203 861 2274 sequatur
884 2190 1105 2270 contradictio,

152 2289 238 2372 quod
254 2301 360 2353 tamen
380 2311 420 2352 ex
443 2311 540 2355 causa
560 2288 858 2376 consignificationis
880 2291 993 2376 magis,
1009 2311 1104 2375 quam

154 2390 389 2478 significationis
403 2404 549 2456 asserunt
565 2395 699 2456 evenire.
745 2393 791 2456 Et
806 2392 866 2456 hoc
889 2390 1017 2479 quidem
1034 2416 1107 2479 pro-

153 2495 317 2560 babiliter:
347 2517 387 2559 an
413 2494 489 2558 satis
510 2516 592 2575 vere,
607 2494 782 2580 dijudicent
805 2496 911 2580 periti.
957 2499 1040 2561 Nam
1064 2496 1106 2560 ad

153 2622 197 2679 ea,
210 2617 287 2684 quoe
302 2595 386 2660 idem
402 2593 591 2680 significant,
607 2618 647 2659 ex
662 2618 756 2660 causa
771 2594 1010 2681 significationis
1024 2595 1106 2659 dun·

155 2712 253 2773 taxat,
264 2697 411 2784 sequitur
420 2695 637 2762 contradictio.
676 2697 853 2782 Singularis
862 2699 945 2760 enirn
955 2717 1108 2762 numerus

155 2802 275 2884 positus
298 2796 443 2885 ejusdem
467 2797 603 2862 nominis
625 2797 783 2885 pluralem
807 2796 901 2873 tollit,
919 2809 955 2860 ut
980 2795 1004 2859 si
1027 2796 1106 2881 quid

155 2901 247 2967 homo
267 2914 329 2965 est.
374 2899 461 2965 Illud
486 2898 629 2963 homines
653 2922 714 2964 uon
739 2914 798 2963 est.
845 2896 934 2962 Nihil
957 2896 1105 2982 equidem

156 3005 260 3081 refert,
272 3001 358 3068 unde
370 3000 548 3087 proveniat,
561 3024 662 3088 quum
672 3025 711 3065 eo
721 3001 830 3066 tendat
841 2999 1031 3064 Dialectices
1040 3010 1109 3064 tota

156 3105 298 3182 intentio,
315 3116 354 3169 ut
370 3124 548 3166 sermonum
565 3102 631 3165 vim
646 3101 779 3187 aperiat,
795 3114 826 3163 et
842 3122 882 3163 ex
898 3121 1008 3162 eorum
1027 3121 1108 3184 prae-

155 3206 319 3287 dicatione,
345 3202 547 3269 examinandi
578 3201 656 3280 veri,
683 3214 716 3265 et
746 3198 918 3275 statuendi,
945 3197 1107 3263 scientiam

155 3320 352 3394 assequatur.
399 3303 470 3368 Hoc
499 3303 578 3389 agit,
609 3301 675 3365 sive
705 3299 841 3377 dividat,
872 3299 937 3362 sive
967 3297 1108 3380 definiat,

156 3408 217 3474 sire
238 3407 381 3492 colligat,
398 3405 466 3470 sive
487 3427 535 3479 ea,
558 3426 633 3489 quae
655 3403 774 3468 suerint
797 3401 938 3478 collecta,
962 3399 1107 3466 resolvat.

157 3509 244 3596 Ergo
258 3506 508 3580 denominativa,
523 3503 702 3589 significant
725 3503 863 3589 quodam
881 3503 975 3566 modo
996 3506 1108 3586 qualia

156 3632 194 3675 ex
205 3609 386 3696 aliquibus:
408 3606 463 3671 illa
474 3628 560 3682 vero,
573 3628 590 3669 a
603 3606 721 3692 quibus
732 3605 987 3685 denominantur,
996 3617 1109 3670 notant

156 3711 314 3798 aquibus
336 3714 460 3794 qualia.
507 3708 589 3771 Nam
613 3707 771 3772 fortitudo
793 3707 959 3794 significat,
979 3730 1019 3772 ex
1043 3728 1109 3791 quo

156 3813 225 3898 quia
239 3812 354 3885 fortis;
386 3810 480 3875 fortia
494 3822 612 3887 autem,
630 3809 734 3894 qualis
754 3809 826 3894 quis
840 3832 881 3874 ex
898 3807 1107 3873 fortitudine:

158 3916 287 3981 undeet
306 3908 509 3979 fortitudinis
523 3910 644 3975 dicitur
662 3934 786 3990 nomen,
802 3933 864 3973 non
882 3920 920 3975 ut
934 3913 1039 3991 cujus,
1054 3909 1109 3973 sed

157 4031 190 4082 ut
214 4040 255 4083 aa
279 4039 363 4100 quo:
396 4012 517 4077 indicat
543 4011 625 4076 enim
653 4034 791 4076 causam.
836 4011 923 4076 Hinc
949 4025 997 4075 est
1026 4010 1109 4075 illud

157 4117 313 4205 Gregorii,
333 4116 481 4199 Anqetua
499 4134 613 4177 nomen
628 4116 723 4201 officii
736 4121 793 4188 eat,
811 4133 875 4176 non
890 4118 1040 4174 natum:
1071 4108 1110 4171 si-

157 4219 284 4304 quidem
308 4240 349 4281 ex
372 4213 476 4279 officio
497 4227 556 4293 est,
571 4213 625 4277 sed
650 4235 804 4300 personae,
820 4211 1054 4296 significatque,
1072 4221 1109 4272 ut

156 4319 275 4387 dictum
302 4332 364 4394 est,
388 4314 624 4404 quodammodo
650 4314 744 4401 quale
769 4310 848 4398 quid
873 4306 928 4371 illo
953 4303 1109 4372 ministret

156 4421 267 4488 officio.
317 4420 418 4483 Plura
434 4416 562 4480 suntad
583 4416 669 4482 huuc
684 4413 828 4487 modum,
845 4422 882 4474 ut
905 4409 1026 4486 consul,
1041 4407 1111 4495 dig-
