2992 5592
374 834 439 892 946
636 846 773 890 Joauurs
789 842 1067 890 sannausmussrs

556 999 608 1060 De
619 1000 729 1078 gratia
745 998 963 1058 concitandae
980 999 1147 1058 uirtutum.

374 1102 446 1164 Nou
464 1097 546 1161 valet
563 1099 618 1160 has
633 1098 723 1161 Juno
737 1097 939 1181 conjungere,
955 1118 1016 1159 non
1037 1101 1245 1181 Hymenaeus,

461 1200 611 1264 Pronuba
627 1198 786 1262 virtutum
802 1197 906 1281 gratia
920 1195 988 1261 sola
1004 1212 1120 1282 potest.

376 1303 448 1367 Hac
464 1304 530 1364 siue
545 1314 618 1364 sunt
633 1299 755 1363 steriles
772 1299 859 1363 verbi
877 1298 1000 1362 Genius
1016 1302 1173 1386 ratioque,

463 1406 528 1466 Aut
543 1405 648 1466 oritur
662 1401 788 1464 fructus
803 1400 1041 1486 degeneratque
1056 1401 1168 1466 malus.

377 1506 450 1569 Hac
465 1503 532 1566 siue
546 1517 669 1567 naturae
684 1503 768 1566 vires
782 1503 989 1579 frustrantur,
1004 1519 1035 1567 et
1052 1490 1122 1588 ejus
1269 1515 1337 1572 225

466 1605 515 1669 Ad
533 1605 615 1668 bona
628 1619 762 1669 oouatus
776 1606 880 1669 omnis
894 1604 996 1692 inanis
1010 1605 1081 1668 erit.

379 1708 435 1773 Ad
451 1709 535 1770 mala
551 1729 688 1788 namque
703 1729 812 1772 sumus
826 1706 946 1783 faciles,
961 1710 1094 1793 aptique
1109 1707 1227 1793 perire:

467 1809 581 1873 Gratia
597 1810 622 1874 si
639 1809 732 1884 desit,
748 1822 794 1872 est
811 1830 893 1895 opus
907 1831 1001 1872 omne
1016 1809 1145 1873 malum.

382 1912 495 1976 Gratia
511 1911 536 1974 si
552 1911 646 1989 desit,
661 1934 750 1974 mens
764 1924 820 1973 aut
838 1933 950 1974 manua
966 1909 1104 1975 officiosa

468 2015 540 2077 Non
556 2016 633 2085 erit3
657 2013 725 2077 brec
739 2027 874 2077 mentem
888 2013 1042 2098 praevenit
1051 2025 1146 2098 atque
1162 2013 1255 2096 regit,
1270 2018 1337 2078 230

388 2114 470 2180 Haee
485 2128 590 2178 moret
606 2114 748 2191 affectus,
765 2137 898 2202 operum
916 2137 1044 2200 quoque
1060 2127 1227 2199 promovet
1244 2138 1335 2189 usus,

469 2219 630 2300 Linguam
646 2217 800 2290 custodit,
815 2240 873 2280 nec
888 2215 963 2281 sinit
978 2238 1044 2278 esse
1061 2237 1162 2286 ream余

382 2320 488 2405 Erigit
504 2319 666 2395 affectum,
683 2322 838 2383 rationem
854 2319 977 2404 dirigit,
992 2331 1083 2391 actus

469 2420 653 2505 Componit,
668 2441 787 2485 reserat
802 2420 924 2502 abdita,
938 2442 1014 2495 vero
1028 2419 1132 2484 docet.

382 2528 471 2603 Quos
486 2527 580 2598 fovet,
597 2523 655 2587 hos
670 2537 777 2607 gratos
791 2534 824 2587 et
839 2535 923 2587 recte
938 2522 1155 2609 philosophari
1272 2529 1337 2585 235

471 2628 515 2691 Er
531 2626 607 2691 facit
622 2640 732 2709 optata
750 2626 961 2713 prosperitate
977 2624 1052 2690 frui.

385 2731 499 2796 Gratia
515 2744 660 2793 naturam
677 2751 820 2821 purgans
833 2727 972 2793 illustrat
987 2742 1019 2792 et
1035 2726 1145 2814 implet

473 2838 588 2918 Deque
602 2834 674 2896 sinu
690 2831 785 2897 Genii
802 2829 907 2895 nobile
923 2830 1013 2895 ducit
1028 2852 1118 2916 opus.

386 2936 530 3003 Gentiles
543 2921 684 3001 Genium
700 2955 815 2998 numen
832 2932 956 2998 duxere
969 2931 1136 3009 caducum,

473 3041 592 3101 Natum
609 3034 761 3120 subjectae
776 3034 843 3097 lata
858 3033 964 3099 subire
979 3033 1034 3097 rei.
1273 3032 1340 3091 240

388 3140 501 3203 Verius
516 3137 567 3202 hic
583 3136 686 3200 natale
701 3136 821 3200 bouum
838 3134 974 3212 dicetur,
989 3134 1145 3221 adaptans

476 3241 612 3306 Subdita
627 3239 788 3324 gratuitis,
804 3262 895 3325 posse
910 3241 1039 3305 subesse
1055 3238 1156 3303 bonis.

390 3344 530 3411 Dotibus
545 3343 717 3407 innumeris
733 3342 909 3406 humanum
924 3344 1030 3427 gratia
1044 3340 1127 3406 ditat

475 3446 521 3507 Et
535 3443 612 3507 facit
627 3444 770 3529 angelica
786 3458 870 3507 sorte
886 3443 993 3530 vigere
1008 3466 1120 3530 genus.

432 3545 525 3626 Quod
536 3542 738 3626 pbibsopkia
749 3547 957 3628 praecipuum
973 3566 1094 3607 munus
1104 3549 1237 3627 gratiae.

388 3644 580 3712 Muneribus
594 3644 717 3708 cunctis
732 3644 887 3729 praecellit
905 3645 1124 3733 Philosophia,
1277 3644 1339 3705 245

474 3748 577 3822 Quam
595 3745 737 3830 peritura
752 3762 842 3811 cavet
859 3769 957 3827 meus,
973 3769 1125 3830 generosa
1140 3746 1236 3833 petit余

390 3850 521 3934 Semper
537 3847 655 3933 ubique
671 3869 745 3911 suos
760 3848 900 3912 cultores
913 3863 1018 3925 ornat,
1034 3849 1180 3923 honorat,

479 3950 642 4029 Prorebit,
657 3951 807 4016 adversos
821 3975 945 4043 semper
961 3951 1081 4038 ubique
1098 3951 1230 4038 premit余

392 4056 532 4118 Virtutes
548 4052 630 4138 parit
644 4066 676 4116 et
692 4053 806 4132 nutrit,
821 4054 997 4137 vitiumque
1013 4074 1147 4115 noverca

475 4154 582 4230 Pellit,
597 4168 628 4218 et
644 4154 742 4217 errori
758 4177 820 4217 non
838 4156 913 4218 sinit
929 4175 995 4216 esse
1011 4151 1128 4216 locum.
1278 4153 1343 4212 250

649 4260 700 4321 De
714 4256 844 4319 Nursia
858 4264 889 4320 et
895 4257 979 4336 josia
993 4256 1073 4334 ejus.

390 4360 565 4443 Frangitur
580 4355 730 4433 adversis,
745 4355 903 4419 extollunt
920 4376 1072 4441 prospera
1086 4354 1236 4424 stultum余

475 4462 579 4537 Quum
596 4458 672 4522 dare
690 4455 759 4520 vult
776 4455 893 4542 populo
911 4455 1028 4518 Nursia
1043 4454 1261 4538 carajorum,
