2992 5592
419 813 477 872 182
665 827 802 871 Josurus
819 826 1096 871 SARESBERIENSIS
1227 810 1311 890 [niu.
1328 833 1370 877 rr.

416 977 530 1040 choats
544 989 602 1054 est,
617 989 649 1040 et
673 976 832 1060 perfecta:
862 988 954 1060 pater
969 976 1182 1059 Augustinus,
1198 981 1252 1042 cui
1273 993 1370 1044 tems-

415 1078 532 1140 rsrium
560 1091 608 1139 est
633 1077 774 1150 obviare,
798 1099 867 1140 eam
893 1077 990 1141 tantis
1013 1077 1103 1140 effert
1130 1081 1310 1163 prseconiis,
1335 1095 1370 1145 ut

415 1177 590 1264 vituperari
612 1199 675 1239 non
696 1178 808 1261 possit,
829 1178 888 1240 nisi
909 1179 949 1241 ab
970 1176 1032 1253 his,
1047 1201 1188 1263 quorum
1214 1182 1302 1244 nulls
1324 1195 1371 1244 est

414 1278 596 1363 prudentis,
609 1276 663 1342 sed
675 1277 874 1365 impudentia
886 1278 1000 1341 mults.
1030 1277 1083 1341 Ait
1096 1301 1174 1364 ergo
1185 1284 1217 1344 iu
1232 1281 1369 1345 secundo

414 1380 497 1444 libro
521 1379 562 1443 de
587 1380 714 1443 ordine:
751 1384 859 1455 Quum
884 1383 1025 1464 perfecto
1050 1388 1130 1444 esset
1156 1385 1370 1466 dispositaque

411 1485 636 1563 grammatica,
660 1483 825 1544 admonita
851 1489 898 1544 est
922 1482 1006 1544 ratio
1028 1502 1170 1562 querere
1195 1491 1293 1565 atque
1319 1493 1368 1547 at·

416 1585 544 1647 tendere
565 1586 650 1646 hanc
669 1585 772 1665 ipsam
793 1585 868 1658 nim,
883 1602 954 1664 qno
974 1584 1101 1663 peperit
1123 1590 1237 1648 artem.
1282 1586 1370 1648 Nam

417 1707 488 1748 eam
510 1683 704 1768 definiendo,
725 1685 957 1761 distribuendo,
979 1686 1164 1767 colligendo,
1183 1705 1249 1747 non
1273 1688 1371 1747 odam

415 1787 602 1866 digesserat,
623 1796 721 1867 atque
742 1787 957 1859 ordinaverat,
978 1807 1087 1849 oerum
1108 1789 1207 1849 etiam
1227 1789 1269 1848 ab
1285 1788 1369 1848 omni

405 1889 572 1968 falsitatis
585 1890 768 1968 irruptione
781 1888 977 1970 defenderat.
1024 1889 1163 1962 Quando
1176 1910 1250 1970 crgo
1266 1899 1371 1952 trans-

416 1990 479 2050 iret
501 1988 545 2046 ad
565 1990 631 2048 alia
644 1989 856 2067 fabricanda,
879 1990 946 2050 nisi
964 1992 1049 2070 ipsa,
1071 1993 1255 2071 suaptim,
1279 1992 1371 2070 quasi

414 2089 562 2167 quadam
584 2089 843 2150 machinamento
864 2100 895 2151 et
910 2091 1123 2151 instrumenta
1143 2091 1368 2169 distingueret,

415 2194 552 2264 notaret,
580 2188 747 2268 digereret,
780 2191 993 2271 proderetque
1025 2192 1130 2271 ipsam
1164 2190 1368 2271 disciplinam

416 2288 671 2370 disciplinarum,
687 2310 783 2370 quarn
799 2292 999 2353 dialecticam
1014 2294 1153 2354 uocanti
1178 2292 1261 2353 Haec
1277 2295 1367 2355 docet

414 2394 530 2461 docere,
547 2392 615 2453 iac
635 2394 724 2454 docet
746 2393 876 2455 discere.
922 2395 966 2454 In
985 2394 1047 2456 dac
1066 2414 1100 2454 se
1119 2396 1191 2475 ipsa
1212 2396 1297 2456 ratio
1317 2396 1370 2457 de-

416 2498 584 2567 monstrat,
607 2498 704 2572 atque
725 2495 830 2572 aperit
852 2514 921 2574 aaa
944 2495 997 2571 sit,
1018 2513 1090 2574 qne
1113 2495 1210 2566 velit,-
1241 2497 1372 2577 etquid

414 2593 519 2657 valeat
544 2597 635 2669 scire,
662 2596 721 2656 seit
745 2596 822 2657 sola.
868 2595 1013 2657 Scientes
1028 2598 1154 2677 facere,
1181 2616 1248 2657 non
1274 2599 1370 2658 εοΙωη

416 2697 496 2771 nait,
512 2697 569 2758 sed
582 2703 610 2758 et
620 2703 734 2777 potest.
769 2692 856 2770 Quid
872 2691 911 2755 ad
929 2693 998 2757 haec
1010 2692 1223 2757 Cornificius?
1248 2698 1369 2781 Nempe

416 2796 503 2880 quod
520 2797 676 2881 cujusque
691 2795 867 2858 deficientis
882 2794 1000 2879 ingenii
1015 2805 1075 2868 est,
1093 2807 1125 2857 et
1141 2794 1284 2875 desidie,
1298 2819 1370 2882 quse

417 2897 458 2959 ad
482 2898 681 2962 hortamenta
702 2896 831 2959 virtutis
851 2909 982 2960 stertere
1004 2897 1180 2971 consuevit,
1196 2897 1283 2982 quod
1307 2920 1367 2961 non

418 3012 522 3083 potest
538 3001 674 3085 assequi,
688 2998 885 3063 criminatur.

419 3261 498 3343 Cap.
514 3264 566 3324 26.
592 3261 669 3335 Quo
687 3262 819 3323 consilio
833 3259 991 3322 utendam
1012 3261 1054 3320 sit
1070 3259 1225 3323 adversas
1239 3282 1325 3339 eum,
1338 3270 1368 3323 et

645 3370 819 3442 protervos,
836 3371 866 3422 et
881 3360 1144 3421 calumniatores.

461 3519 614 3580 Ursuuu
635 3537 712 3599 ergo
737 3513 891 3580 adversus
916 3537 1002 3592 euru,
1025 3526 1056 3578 et
1083 3515 1369 3599 compigrescentes

420 3615 582 3701 (quonium
593 3616 661 3699 jam
678 3615 774 3679 habet
789 3627 954 3679 consortes
968 3613 1109 3695 erroris)
1126 3615 1272 3695 consilio,
1283 3615 1369 3702 quod

417 3738 449 3780 se
464 3727 538 3800 post
552 3719 665 3793 multa,
680 3737 753 3799 quse
765 3739 821 3802 per
837 3717 939 3801 ipsam
955 3714 1079 3792 didicit,
1090 3718 1122 3779 in
1141 3717 1247 3802 primo
1262 3733 1370 3782 contra

415 3816 635 3891 Academicos,
652 3815 729 3880 dicit
750 3819 953 3901 Augustinus
974 3841 994 3882 a
1015 3817 1192 3883 Dialectici
1212 3818 1368 3885 didicisse.

416 3923 537 3985 Dantit
553 3941 615 3994 nte,
626 3918 743 4004 inquit,
755 3942 854 4003 qaam
870 3923 910 3984 de
924 3944 959 3984 re
973 3931 1110 4001 corrstat,
1121 3931 1257 4004 propter
1272 3945 1368 4009 quant

416 4023 509 4089 cerba
529 4022 698 4101 dicuntur,
713 4023 753 4086 de
774 4022 876 4085 verbis
896 4046 962 4086 non
982 4023 1095 4088 debere
1114 4026 1276 4088 contendi.
1322 4026 1367 4089 Et

416 4128 561 4212 quisquis
572 4127 687 4208 saciat
709 4126 756 4204 id,
777 4128 806 4188 si
827 4148 870 4189 ea
891 4128 1060 4209 imperitia
1072 4127 1176 4207 facit,
1191 4127 1368 4190 docendum

414 4251 489 4308 esse,
503 4233 532 4292 si
545 4251 588 4295 es·
601 4231 744 4306 malitia,
758 4229 989 4293 deserendum:
1008 4230 1038 4291 si
1053 4230 1161 4292 doceri
1176 4250 1239 4292 non
1254 4236 1368 4312 potest,

414 4333 619 4409 manendam,
630 4340 666 4395 ut
676 4332 806 4416 aliquid
812 4329 908 4393 alind
914 4332 1024 4413 patius
1033 4339 1122 4411 apat,
1132 4351 1232 4413 quam
1244 4339 1368 4411 tempas

414 4433 448 4490 in
464 4435 639 4512 superfluis
658 4452 849 4515 apnamqne
867 4437 1056 4493 consumat:
1081 4432 1111 4493 si
1125 4452 1187 4493 non
1210 4431 1368 4512 obtempe-
