2992 5592
277 789 338 850 lan
523 807 661 852 ioannis
676 806 955 852 sanasnaainusis
1071 790 1156 866 [nia.
1173 808 1221 854 ιιι.

274 980 312 1021 ex
336 957 483 1043 opinione
509 956 663 1043 plurium,
689 957 774 1021 idem
800 956 1019 1045 principaliter
1043 959 1222 1043 significant

273 1059 518 1135 denominativa,
544 1072 576 1125 et
602 1083 650 1135 ea,
676 1083 695 1123 a
724 1058 843 1145 quibus
869 1058 1133 1125 denominantur:
1168 1062 1221 1125 sed

272 1160 561 1244 consignificatione
576 1161 701 1225 diversa
716 1161 819 1225 aiebat
837 1162 1032 1226 Berncrdua
1048 1162 1223 1227 Carrtotea·

271 1265 326 1336 air,
342 1261 419 1346 quia
430 1262 538 1325 albedo
549 1261 706 1346 significat
720 1261 874 1345 virginem
887 1260 1119 1348 incorruptam,
1132 1267 1222 1340 albet,

272 1362 402 1427 eandem
433 1364 645 1428 introeuntem
682 1364 869 1440 thalamum,
900 1378 956 1430 aut
991 1366 1163 1432 cubantem
1193 1371 1222 1431 in

274 1465 386 1530 thoro:
416 1466 524 1530 album
551 1489 637 1540 veru,
664 1465 808 1540 eandem,
832 1465 884 1529 sed
913 1482 1107 1553 corruptam.
1155 1470 1223 1533 Hoc

274 1569 403 1654 quidem
423 1572 583 1651 quoniam
616 1568 741 1644 albedo,
772 1591 811 1631 ex
842 1569 1013 1634 assertione
1039 1573 1122 1656 ejus,
1156 1571 1225 1635 aim-

274 1673 410 1759 pliciter,
433 1685 465 1736 ct
490 1672 556 1736 sine
585 1671 669 1734 omni
694 1670 932 1756 participatione
954 1672 1104 1757 subjecti,
1128 1673 1223 1759 ipsam

275 1776 431 1861 significat
454 1774 660 1863 qualitatem:
687 1773 835 1838 videlicet
855 1773 971 1839 coloris
993 1778 1143 1860 speciem,
1164 1774 1224 1839 dis·

273 1881 469 1962 gregativam
483 1876 579 1939 visus.
615 1877 708 1940 Arba
723 1885 841 1952 autem,
853 1875 983 1939 eandem
996 1877 1224 1964 principaliter,

274 1979 334 2043 etsi
349 1977 626 2064 participationem
642 1999 787 2062 personae
802 1977 961 2043 admittat.
997 1980 1030 2044 Si
1046 1980 1129 2043 enim
1146 1980 1223 2044 illud

274 2080 426 2155 excutias,
443 2078 529 2164 quod
547 2078 678 2142 verbum
697 2078 768 2157 hoc,
783 2101 842 2165 pro
864 2079 1041 2144 substantia
1055 2081 1224 2166 significat,

274 2175 410 2261 qualitas
425 2175 580 2241 albedinis
594 2189 751 2252 occurret,
768 2177 822 2240 aed
843 2178 877 2240 in
893 2176 1108 2243 accidentibus
1124 2180 1223 2256 verbi,

273 2301 438 2366 personam
465 2279 611 2364 reperies,
656 2279 772 2343 Album
799 2302 886 2359 vero,
910 2280 1042 2344 candem
1071 2280 1223 2364 significat

273 2380 471 2467 qualitatem,
492 2380 546 2443 scd
571 2380 708 2443 infusam
732 2381 1004 2468 commixtamque
1026 2382 1224 2458 substantia,

272 2497 304 2547 et
326 2486 392 2568 jam
419 2481 656 2569 quodammodo
687 2481 787 2566 magis
816 2495 1011 2569 corruptam.
1057 2483 1221 2569 Siquidem

274 2606 387 2647 nomen
417 2583 523 2669 ipsum
552 2606 612 2669 pro
642 2583 821 2647 substantia
850 2584 1029 2669 subjectum
1060 2581 1224 2658 albedinis,

274 2707 333 2770 pro
362 2683 529 2770 qualitate,
560 2684 717 2770 significat
747 2682 884 2747 colorem
915 2682 1052 2748 albentis
1081 2683 1224 2769 subjecti.

276 2785 453 2851 Videbatur
482 2787 576 2850 etiam
607 2785 666 2850 sibi
694 2799 757 2849 tam
785 2784 825 2848 de
853 2785 1035 2860 Aristotele,
1062 2808 1161 2872 quam
1187 2786 1224 2850 de

275 2889 448 2954 multorum
465 2888 708 2952 auctoritatibus
723 2887 794 2951 niti.
840 2887 894 2951 Ait
912 2890 1007 2962 enim,
1022 2887 1133 2952 album
1150 2887 1224 2952 nihil

275 2989 363 3057 aliud
394 2992 549 3077 significat
580 3012 676 3077 quam
706 2989 905 3076 qualitatem.
959 2993 1069 3055 Multa
1098 3014 1224 3078 quoque

274 3095 469 3178 proferebat,
502 3093 644 3178 undique
671 3091 861 3178 conquisita,
891 3092 1011 3175 quibus
1036 3093 1225 3178 persuadere

274 3196 448 3273 nitebatur,
475 3219 526 3262 res
555 3195 716 3261 interdum
743 3216 835 3279 pure,
861 3194 1020 3258 interdum
1046 3195 1225 3282 adjacenter

275 3299 453 3382 praedicari,
468 3313 499 3364 et
515 3300 555 3364 ad
573 3299 632 3363 hoc
653 3297 961 3361 denominativorum
977 3298 1140 3364 scientiam
1157 3322 1224 3386 per·

275 3396 386 3460 utilem
402 3399 571 3463 asserebat.
618 3398 727 3463 Habet
743 3398 812 3462 haec
827 3397 945 3483 opinio,
961 3399 1044 3462 sicut
1059 3399 1226 3486 impugna·

275 3511 368 3573 tores,
384 3500 428 3562 sic
443 3499 622 3563 defensores
642 3522 726 3563 suos.
773 3500 855 3564 Mihi
878 3523 937 3586 pro
957 3501 1089 3566 minimo
1113 3515 1162 3567 est
1187 3503 1225 3567 ad

275 3621 387 3663 nomen
400 3601 432 3664 in
446 3600 563 3665 talibus
574 3598 750 3685 disputare,
760 3624 861 3686 quum
873 3600 1116 3685 intelligentiam
1129 3603 1225 3668 dicto

276 3723 346 3764 rum
364 3701 549 3766 sumendam
566 3703 705 3765 noverim
722 3726 765 3768 ex
785 3702 888 3767 causis
911 3702 1046 3768 dicendi.
1095 3706 1163 3770 Nec
1184 3705 1224 3769 aic

276 3819 464 3868 memoratas
491 3804 679 3879 Aristotelis,
703 3804 877 3869 aliorumve
902 3807 1108 3871 auctoritates
1134 3807 1225 3873 inter-

275 3907 445 3993 pretandas
459 3906 606 3983 arbitror,
619 3921 655 3972 ut
671 3906 819 3971 trahatur
833 3908 927 3984 istuc,
940 3907 1097 3993 quicquid
1112 3908 1224 3974 alicubi

274 4005 395 4071 dictum
427 4009 596 4095 reperitur.
655 4007 737 4072 Nam
769 4008 856 4095 apud
885 4008 1022 4073 eundem
1053 4019 1160 4074 malua
1186 4009 1223 4073 de

275 4109 414 4187 animali,
431 4110 574 4198 vigilatio
594 4110 634 4175 de
656 4110 783 4198 bipede,
799 4110 956 4175 astruitur
976 4109 1165 4196 praedicari:
1194 4125 1224 4172 et

277 4215 322 4276 sic
337 4213 440 4300 plura.
479 4213 630 4300 Alioquin
646 4212 877 4297 analyticorum
893 4211 1051 4297 exempla,
1064 4235 1127 4276 non
1144 4226 1223 4275 recte

275 4316 491 4398 procederent,
507 4327 539 4379 et
554 4315 639 4402 apud
656 4312 804 4389 eundem,
821 4311 907 4395 quod
925 4313 949 4375 si
970 4317 1100 4377 cacitas
1114 4327 1145 4377 et
1167 4333 1225 4376 οω-

275 4441 345 4481 cnm
358 4443 432 4501 erac,
444 4420 528 4484 idem
540 4430 653 4494 essent,
663 4414 704 4479 dc
715 4413 823 4480 eodem
837 4413 1099 4499 praedicarentur.
1135 4417 1224 4479 Nunc
