<?xml version="1.0" encoding="UTF-8"?>
<!DOCTYPE html PUBLIC "-//W3C//DTD XHTML 1.0 Transitional//EN"
    "http://www.w3.org/TR/xhtml1/DTD/xhtml1-transitional.dtd">
<html xmlns="http://www.w3.org/1999/xhtml" xml:lang="en" lang="en">
 <head>
  <title>
</title>
<meta http-equiv="Content-Type" content="text/html;charset=utf-8" />
  <meta name='ocr-system' content='tesseract 3.04.00' />
  <meta name='ocr-capabilities' content='ocr_page ocr_carea ocr_par ocr_line ocrx_word'/>
</head>
<body>
  <div class='ocr_page' id='page_1' title='image "./joannissaresber15johngoog_0302.png"; bbox 0 0 2992 5592; ppageno 0'>
   <div class='ocr_carea' id='block_1_1' title="bbox 197 793 899 852">
    <p class='ocr_par' dir='ltr' id='par_1_1' title="bbox 197 793 899 852">
     <span class='ocr_line' id='line_1_1' title="bbox 197 793 899 852; baseline -0.01 -2"><span class='ocrx_word' id='word_1_1' title='bbox 197 793 260 852; x_wconf 77' lang='lat'>288</span> <span class='ocrx_word' id='word_1_2' title='bbox 466 800 601 846; x_wconf 78' lang='lat' dir='ltr'>rosnrus</span> <span class='ocrx_word' id='word_1_3' title='bbox 617 798 899 845; x_wconf 78' lang='lat' dir='ltr'>saenssnsrausrs</span> 
     </span>
    </p>
   </div>
   <div class='ocr_carea' id='block_1_2' title="bbox 189 949 1159 2248">
    <p class='ocr_par' dir='ltr' id='par_1_2' title="bbox 189 949 1159 2248">
     <span class='ocr_line' id='line_1_2' title="bbox 280 949 1013 1037; baseline -0.004 -18"><span class='ocrx_word' id='word_1_4' title='bbox 280 958 363 1019; x_wconf 89' lang='lat' dir='ltr'>Nam</span> <span class='ocrx_word' id='word_1_5' title='bbox 379 955 478 1018; x_wconf 88' lang='lat' dir='ltr'>resin</span> <span class='ocrx_word' id='word_1_6' title='bbox 495 952 599 1037; x_wconf 86' lang='lat' dir='ltr'>pretio</span> <span class='ocrx_word' id='word_1_7' title='bbox 614 963 674 1026; x_wconf 89' lang='lat' dir='ltr'>est,</span> <span class='ocrx_word' id='word_1_8' title='bbox 690 949 763 1012; x_wconf 88' lang='lat' dir='ltr'>vilis</span> <span class='ocrx_word' id='word_1_9' title='bbox 777 951 901 1035; x_wconf 89' lang='lat' dir='ltr'>ubique</span> <span class='ocrx_word' id='word_1_10' title='bbox 917 952 1013 1016; x_wconf 84' lang='lat' dir='ltr'>fides.</span> 
     </span>
     <span class='ocr_line' id='line_1_3' title="bbox 189 1050 1157 1140; baseline -0.005 -19"><span class='ocrx_word' id='word_1_11' title='bbox 189 1059 321 1140; x_wconf 77' lang='lat' dir='ltr'>Hospes</span> <span class='ocrx_word' id='word_1_12' title='bbox 336 1058 368 1119; x_wconf 92' lang='lat' dir='ltr'>in</span> <span class='ocrx_word' id='word_1_13' title='bbox 383 1053 510 1118; x_wconf 87' lang='lat' dir='ltr'>insidiis</span> <span class='ocrx_word' id='word_1_14' title='bbox 526 1051 616 1115; x_wconf 88' lang='lat' dir='ltr'>sedet</span> <span class='ocrx_word' id='word_1_15' title='bbox 630 1050 813 1133; x_wconf 79' lang='lat' dir='ltr'>hospitibus</span> <span class='ocrx_word' id='word_1_16' title='bbox 828 1052 1023 1134; x_wconf 81' lang='lat' dir='ltr'>peregrinis,</span> <span class='ocrx_word' id='word_1_17' title='bbox 1074 1059 1157 1118; x_wconf 82' lang='grc'><strong>1505</strong></span> 
     </span>
     <span class='ocr_line' id='line_1_4' title="bbox 274 1153 956 1232; baseline -0.006 -13"><span class='ocrx_word' id='word_1_18' title='bbox 274 1158 320 1219; x_wconf 90' lang='grc' dir='ltr'><strong>Ε1</strong></span> <span class='ocrx_word' id='word_1_19' title='bbox 335 1157 438 1219; x_wconf 87' lang='lat' dir='ltr'>maius</span> <span class='ocrx_word' id='word_1_20' title='bbox 452 1153 581 1218; x_wconf 82' lang='lat' dir='ltr'>auditor</span> <span class='ocrx_word' id='word_1_21' title='bbox 597 1153 723 1232; x_wconf 81' lang='lat' dir='ltr'>singula</span> <span class='ocrx_word' id='word_1_22' title='bbox 738 1153 836 1214; x_wconf 83' lang='lat' dir='ltr'>verba</span> <span class='ocrx_word' id='word_1_23' title='bbox 851 1164 956 1216; x_wconf 90' lang='lat' dir='ltr'>notat.</span> 
     </span>
     <span class='ocr_line' id='line_1_5' title="bbox 190 1252 1057 1341; baseline -0.003 -19"><span class='ocrx_word' id='word_1_24' title='bbox 190 1259 379 1341; x_wconf 81' lang='lat' dir='ltr'>Linguaque</span> <span class='ocrx_word' id='word_1_25' title='bbox 396 1257 423 1319; x_wconf 90' lang='lat' dir='ltr'>si</span> <span class='ocrx_word' id='word_1_26' title='bbox 440 1255 561 1339; x_wconf 82' lang='lat' dir='ltr'><strong>profert</strong></span> <span class='ocrx_word' id='word_1_27' title='bbox 576 1254 704 1315; x_wconf 86' lang='lat' dir='ltr'>verbum</span> <span class='ocrx_word' id='word_1_28' title='bbox 720 1252 791 1314; x_wconf 88' lang='lat' dir='ltr'>leve</span> <span class='ocrx_word' id='word_1_29' title='bbox 806 1253 873 1315; x_wconf 86' lang='lat' dir='ltr'>sive</span> <span class='ocrx_word' id='word_1_30' title='bbox 884 1254 1057 1337; x_wconf 88' lang='lat' dir='ltr'>jocosum,</span> 
     </span>
     <span class='ocr_line' id='line_1_6' title="bbox 280 1354 950 1440; baseline -0.004 -17"><span class='ocrx_word' id='word_1_31' title='bbox 280 1359 428 1423; x_wconf 86' lang='lat' dir='ltr'>Mantica</span> <span class='ocrx_word' id='word_1_32' title='bbox 443 1357 470 1419; x_wconf 89' lang='lat' dir='ltr'>si</span> <span class='ocrx_word' id='word_1_33' title='bbox 486 1355 597 1440; x_wconf 88' lang='lat' dir='ltr'>paucis</span> <span class='ocrx_word' id='word_1_34' title='bbox 612 1354 707 1415; x_wconf 88' lang='lat' dir='ltr'>rebus</span> <span class='ocrx_word' id='word_1_35' title='bbox 722 1364 838 1415; x_wconf 88' lang='lat' dir='ltr'>onusta</span> <span class='ocrx_word' id='word_1_36' title='bbox 846 1354 950 1437; x_wconf 86' lang='lat' dir='ltr'>jacet,</span> 
     </span>
     <span class='ocr_line' id='line_1_7' title="bbox 193 1456 988 1540; baseline -0.004 -15"><span class='ocrx_word' id='word_1_37' title='bbox 193 1463 319 1525; x_wconf 84' lang='lat' dir='ltr'>involat</span> <span class='ocrx_word' id='word_1_38' title='bbox 333 1472 388 1524; x_wconf 90' lang='lat' dir='ltr'>aut</span> <span class='ocrx_word' id='word_1_39' title='bbox 403 1460 499 1522; x_wconf 90' lang='lat' dir='ltr'>rebus</span> <span class='ocrx_word' id='word_1_40' title='bbox 513 1469 569 1519; x_wconf 88' lang='lat' dir='ltr'>ant</span> <span class='ocrx_word' id='word_1_41' title='bbox 584 1457 680 1518; x_wconf 82' lang='lat' dir='ltr'>verba</span> <span class='ocrx_word' id='word_1_42' title='bbox 694 1466 838 1518; x_wconf 83' lang='lat' dir='ltr'>recenset</span> <span class='ocrx_word' id='word_1_43' title='bbox 851 1456 988 1540; x_wconf 86' lang='lat' dir='ltr'>iniquus</span> 
     </span>
     <span class='ocr_line' id='line_1_8' title="bbox 282 1553 1157 1645; baseline -0.002 -20"><span class='ocrx_word' id='word_1_44' title='bbox 282 1563 413 1645; x_wconf 89' lang='lat' dir='ltr'>Hospes</span> <span class='ocrx_word' id='word_1_45' title='bbox 429 1572 461 1622; x_wconf 91' lang='lat' dir='ltr'>et</span> <span class='ocrx_word' id='word_1_46' title='bbox 475 1560 629 1639; x_wconf 86' lang='lat' dir='ltr'>interpres</span> <span class='ocrx_word' id='word_1_47' title='bbox 645 1553 843 1638; x_wconf 86' lang='lat' dir='ltr'>perniciosus</span> <span class='ocrx_word' id='word_1_48' title='bbox 858 1557 929 1633; x_wconf 81' lang='lat' dir='ltr'>erit,</span> <span class='ocrx_word' id='word_1_49' title='bbox 1072 1565 1157 1625; x_wconf 74' lang='grc'><strong>1540</strong></span> 
     </span>
     <span class='ocr_line' id='line_1_9' title="bbox 194 1656 1037 1738; baseline -0.006 -12"><span class='ocrx_word' id='word_1_50' title='bbox 194 1663 240 1728; x_wconf 85' lang='lat' dir='ltr'>Et</span> <span class='ocrx_word' id='word_1_51' title='bbox 253 1673 350 1728; x_wconf 89' lang='lat' dir='ltr'>testes</span> <span class='ocrx_word' id='word_1_52' title='bbox 364 1661 495 1725; x_wconf 84' lang='lat' dir='ltr'>adhibet</span> <span class='ocrx_word' id='word_1_53' title='bbox 510 1656 643 1720; x_wconf 87' lang='lat' dir='ltr'>Bavium</span> <span class='ocrx_word' id='word_1_54' title='bbox 660 1676 840 1738; x_wconf 81' lang='lat' dir='ltr'>vanumque</span> <span class='ocrx_word' id='word_1_55' title='bbox 859 1656 1037 1735; x_wconf 88' lang='lat' dir='ltr'>Dolonem,</span> 
     </span>
     <span class='ocr_line' id='line_1_10' title="bbox 285 1758 933 1845; baseline -0.015 -17"><span class='ocrx_word' id='word_1_56' title='bbox 285 1764 329 1828; x_wconf 91' lang='lat' dir='ltr'>Ut</span> <span class='ocrx_word' id='word_1_57' title='bbox 344 1783 456 1845; x_wconf 85' lang='lat' dir='ltr'>pereas</span> <span class='ocrx_word' id='word_1_58' title='bbox 471 1761 577 1835; x_wconf 85' lang='lat' dir='ltr'>rebus,</span> <span class='ocrx_word' id='word_1_59' title='bbox 592 1771 647 1820; x_wconf 85' lang='lat' dir='ltr'>aut</span> <span class='ocrx_word' id='word_1_60' title='bbox 661 1769 715 1818; x_wconf 91' lang='lat' dir='ltr'>tna</span> <span class='ocrx_word' id='word_1_61' title='bbox 731 1769 850 1820; x_wconf 85' lang='lat' dir='ltr'>cuncta</span> <span class='ocrx_word' id='word_1_62' title='bbox 864 1758 933 1820; x_wconf 93' lang='lat' dir='ltr'>tibi.</span> 
     </span>
     <span class='ocr_line' id='line_1_11' title="bbox 195 1859 975 1941; baseline -0.009 -11"><span class='ocrx_word' id='word_1_63' title='bbox 195 1867 231 1930; x_wconf 84' lang='lat' dir='ltr'>Si</span> <span class='ocrx_word' id='word_1_64' title='bbox 246 1867 287 1930; x_wconf 89' lang='lat' dir='ltr'>sit</span> <span class='ocrx_word' id='word_1_65' title='bbox 302 1886 374 1927; x_wconf 84' lang='lat' dir='ltr'>rera</span> <span class='ocrx_word' id='word_1_66' title='bbox 389 1863 470 1925; x_wconf 88' lang='lat' dir='ltr'>fides</span> <span class='ocrx_word' id='word_1_67' title='bbox 486 1872 518 1924; x_wconf 87' lang='lat' dir='ltr'>et</span> <span class='ocrx_word' id='word_1_68' title='bbox 534 1861 683 1922; x_wconf 89' lang='lat' dir='ltr'>honestas</span> <span class='ocrx_word' id='word_1_69' title='bbox 698 1880 778 1941; x_wconf 91' lang='lat' dir='ltr'>pura</span> <span class='ocrx_word' id='word_1_70' title='bbox 793 1859 975 1938; x_wconf 89' lang='lat' dir='ltr'>domorum,</span> 
     </span>
     <span class='ocr_line' id='line_1_12' title="bbox 282 1959 897 2038; baseline -0.011 -9"><span class='ocrx_word' id='word_1_71' title='bbox 282 1968 343 2029; x_wconf 92' lang='lat' dir='ltr'>Est</span> <span class='ocrx_word' id='word_1_72' title='bbox 358 1965 461 2026; x_wconf 86' lang='lat' dir='ltr'>vultus</span> <span class='ocrx_word' id='word_1_73' title='bbox 477 1961 596 2037; x_wconf 86' lang='lat' dir='ltr'>hilaris,</span> <span class='ocrx_word' id='word_1_74' title='bbox 612 1959 757 2022; x_wconf 86' lang='lat' dir='ltr'>officiosa</span> <span class='ocrx_word' id='word_1_75' title='bbox 773 1981 897 2038; x_wconf 89' lang='lat' dir='ltr'>manus,</span> 
     </span>
     <span class='ocr_line' id='line_1_13' title="bbox 198 2062 1159 2144; baseline -0.004 -13"><span class='ocrx_word' id='word_1_76' title='bbox 198 2068 368 2131; x_wconf 72' lang='lat' dir='ltr'>Deiectum</span> <span class='ocrx_word' id='word_1_77' title='bbox 385 2085 486 2127; x_wconf 88' lang='lat' dir='ltr'>rerum</span> <span class='ocrx_word' id='word_1_78' title='bbox 503 2062 608 2124; x_wconf 84' lang='lat' dir='ltr'>verbis</span> <span class='ocrx_word' id='word_1_79' title='bbox 624 2062 778 2144; x_wconf 90' lang='lat' dir='ltr'>vultuque</span> <span class='ocrx_word' id='word_1_80' title='bbox 793 2062 898 2125; x_wconf 86' lang='lat' dir='ltr'>faceto</span> <span class='ocrx_word' id='word_1_81' title='bbox 1075 2071 1159 2131; x_wconf 79' lang='grc'><strong>1545</strong></span> 
     </span>
     <span class='ocr_line' id='line_1_14' title="bbox 284 2163 1010 2248; baseline -0.004 -19"><span class='ocrx_word' id='word_1_82' title='bbox 284 2166 435 2248; x_wconf 87' lang='lat' dir='ltr'>Hospitis</span> <span class='ocrx_word' id='word_1_83' title='bbox 449 2166 604 2226; x_wconf 87' lang='lat' dir='ltr'>instaurat</span> <span class='ocrx_word' id='word_1_84' title='bbox 619 2184 699 2224; x_wconf 85' lang='lat' dir='ltr'>cura</span> <span class='ocrx_word' id='word_1_85' title='bbox 713 2163 877 2247; x_wconf 88' lang='lat' dir='ltr'>cliensque</span> <span class='ocrx_word' id='word_1_86' title='bbox 891 2165 1010 2228; x_wconf 88' lang='lat' dir='ltr'>bonus.</span> 
     </span>
    </p>
   </div>
   <div class='ocr_carea' id='block_1_3' title="bbox 195 2260 1113 2442">
    <p class='ocr_par' dir='ltr' id='par_1_3' title="bbox 195 2260 1113 2442">
     <span class='ocr_line' id='line_1_15' title="bbox 195 2260 1113 2348; baseline 0 -19"><span class='ocrx_word' id='word_1_87' title='bbox 195 2268 271 2329; x_wconf 90' lang='lat' dir='ltr'>Non</span> <span class='ocrx_word' id='word_1_88' title='bbox 287 2281 488 2348; x_wconf 66' lang='lat' dir='ltr'>quaecunque</span> <span class='ocrx_word' id='word_1_89' title='bbox 505 2260 619 2322; x_wconf 90' lang='lat' dir='ltr'>domus</span> <span class='ocrx_word' id='word_1_90' title='bbox 635 2262 764 2323; x_wconf 89' lang='lat' dir='ltr'>titulum</span> <span class='ocrx_word' id='word_1_91' title='bbox 782 2263 949 2344; x_wconf 86' lang='lat' dir='ltr'>praetendit</span> <span class='ocrx_word' id='word_1_92' title='bbox 962 2265 1113 2345; x_wconf 89' lang='lat' dir='ltr'>honoris,</span> 
     </span>
     <span class='ocr_line' id='line_1_16' title="bbox 280 2359 1055 2442; baseline 0.006 -18"><span class='ocrx_word' id='word_1_93' title='bbox 280 2363 361 2424; x_wconf 89' lang='lat' dir='ltr'>Rem</span> <span class='ocrx_word' id='word_1_94' title='bbox 378 2370 476 2431; x_wconf 91' lang='lat' dir='ltr'>tenet,</span> <span class='ocrx_word' id='word_1_95' title='bbox 492 2368 547 2420; x_wconf 90' lang='lat' dir='ltr'>aut</span> <span class='ocrx_word' id='word_1_96' title='bbox 561 2359 682 2422; x_wconf 88' lang='lat' dir='ltr'>meritis</span> <span class='ocrx_word' id='word_1_97' title='bbox 698 2374 748 2424; x_wconf 90' lang='lat' dir='ltr'>est</span> <span class='ocrx_word' id='word_1_98' title='bbox 764 2364 947 2427; x_wconf 80' lang='lat' dir='ltr'>veneranda</span> <span class='ocrx_word' id='word_1_99' title='bbox 962 2367 1032 2429; x_wconf 82' lang='lat' dir='ltr'>suis</span> <span class='ocrx_word' id='word_1_100' title='bbox 1045 2390 1055 2442; x_wconf 83' lang='lat'>3</span> 
     </span>
    </p>
   </div>
   <div class='ocr_carea' id='block_1_4' title="bbox 193 2458 1158 3457">
    <p class='ocr_par' dir='ltr' id='par_1_4' title="bbox 194 2458 1158 2645">
     <span class='ocr_line' id='line_1_17' title="bbox 194 2458 1100 2546; baseline 0.004 -21"><span class='ocrx_word' id='word_1_101' title='bbox 194 2461 259 2526; x_wconf 87' lang='lat' dir='ltr'>Sed</span> <span class='ocrx_word' id='word_1_102' title='bbox 276 2479 501 2546; x_wconf 86' lang='lat' dir='ltr'>quemcunque</span> <span class='ocrx_word' id='word_1_103' title='bbox 519 2458 608 2521; x_wconf 83' lang='lat' dir='ltr'>vides</span> <span class='ocrx_word' id='word_1_104' title='bbox 623 2459 656 2520; x_wconf 92' lang='lat' dir='ltr'>in</span> <span class='ocrx_word' id='word_1_105' title='bbox 674 2458 794 2524; x_wconf 86' lang='lat' dir='ltr'>Christi</span> <span class='ocrx_word' id='word_1_106' title='bbox 810 2461 905 2525; x_wconf 88' lang='lat' dir='ltr'>laude</span> <span class='ocrx_word' id='word_1_107' title='bbox 922 2478 1100 2545; x_wconf 83' lang='lat' dir='ltr'>sacratum,</span> 
     </span>
     <span class='ocr_line' id='line_1_18' title="bbox 281 2560 1158 2645; baseline 0.009 -20"><span class='ocrx_word' id='word_1_108' title='bbox 281 2563 427 2645; x_wconf 89' lang='lat' dir='ltr'>Quisque</span> <span class='ocrx_word' id='word_1_109' title='bbox 444 2581 516 2622; x_wconf 93' lang='lat' dir='ltr'>eum</span> <span class='ocrx_word' id='word_1_110' title='bbox 533 2572 651 2636; x_wconf 85' lang='lat' dir='ltr'>teneat,</span> <span class='ocrx_word' id='word_1_111' title='bbox 667 2560 785 2643; x_wconf 85' lang='lat' dir='ltr'>dignus</span> <span class='ocrx_word' id='word_1_112' title='bbox 799 2564 919 2627; x_wconf 91' lang='lat' dir='ltr'>honore</span> <span class='ocrx_word' id='word_1_113' title='bbox 935 2566 1042 2640; x_wconf 84' lang='lat' dir='ltr'>loeus,</span> <span class='ocrx_word' id='word_1_114' title='bbox 1072 2574 1158 2634; x_wconf 91' lang='grc'><strong>1550</strong></span> 
     </span>
    </p>

    <p class='ocr_par' dir='ltr' id='par_1_5' title="bbox 193 2661 1059 2849">
     <span class='ocr_line' id='line_1_19' title="bbox 193 2661 1059 2750; baseline -0.001 -19"><span class='ocrx_word' id='word_1_115' title='bbox 193 2668 238 2731; x_wconf 83' lang='lat' dir='ltr'>Et</span> <span class='ocrx_word' id='word_1_116' title='bbox 252 2664 404 2750; x_wconf 89' lang='lat' dir='ltr'>quoniam</span> <span class='ocrx_word' id='word_1_117' title='bbox 421 2662 517 2744; x_wconf 87' lang='lat' dir='ltr'>capiti</span> <span class='ocrx_word' id='word_1_118' title='bbox 534 2661 728 2745; x_wconf 87' lang='lat' dir='ltr'>respondent</span> <span class='ocrx_word' id='word_1_119' title='bbox 744 2683 887 2727; x_wconf 88' lang='lat' dir='ltr'>consona</span> <span class='ocrx_word' id='word_1_120' title='bbox 903 2669 1059 2746; x_wconf 87' lang='lat' dir='ltr'>membra,</span> 
     </span>
     <span class='ocr_line' id='line_1_20' title="bbox 282 2763 1006 2849; baseline 0 -18"><span class='ocrx_word' id='word_1_121' title='bbox 282 2770 325 2832; x_wconf 90' lang='lat' dir='ltr'>Et</span> <span class='ocrx_word' id='word_1_122' title='bbox 341 2765 455 2829; x_wconf 86' lang='lat' dir='ltr'>domus</span> <span class='ocrx_word' id='word_1_123' title='bbox 471 2776 519 2828; x_wconf 86' lang='lat' dir='ltr'>est</span> <span class='ocrx_word' id='word_1_124' title='bbox 534 2763 665 2827; x_wconf 90' lang='lat' dir='ltr'>domino</span> <span class='ocrx_word' id='word_1_125' title='bbox 682 2768 834 2828; x_wconf 87' lang='lat' dir='ltr'>concolor</span> <span class='ocrx_word' id='word_1_126' title='bbox 850 2766 920 2849; x_wconf 93' lang='lat' dir='ltr'>ipsa</span> <span class='ocrx_word' id='word_1_127' title='bbox 935 2789 1006 2831; x_wconf 88' lang='lat' dir='ltr'>suo.</span> 
     </span>
    </p>

    <p class='ocr_par' dir='ltr' id='par_1_6' title="bbox 195 2867 987 3054">
     <span class='ocr_line' id='line_1_21' title="bbox 195 2867 987 2951; baseline -0.005 -15"><span class='ocrx_word' id='word_1_128' title='bbox 195 2872 231 2936; x_wconf 87' lang='lat' dir='ltr'>Si</span> <span class='ocrx_word' id='word_1_129' title='bbox 245 2867 425 2934; x_wconf 78' lang='lat' dir='ltr'>veneranda</span> <span class='ocrx_word' id='word_1_130' title='bbox 440 2867 555 2929; x_wconf 90' lang='lat' dir='ltr'>domus</span> <span class='ocrx_word' id='word_1_131' title='bbox 571 2879 600 2929; x_wconf 90' lang='grc'>15</span> <span class='ocrx_word' id='word_1_132' title='bbox 616 2867 746 2929; x_wconf 84' lang='lat' dir='ltr'>duxerit</span> <span class='ocrx_word' id='word_1_133' title='bbox 761 2869 987 2951; x_wconf 86' lang='lat' dir='ltr'>accipiendum</span> 
     </span>
     <span class='ocr_line' id='line_1_22' title="bbox 285 2967 944 3054; baseline -0.003 -19"><span class='ocrx_word' id='word_1_134' title='bbox 285 2970 446 3054; x_wconf 89' lang='lat' dir='ltr'>Hospitio,</span> <span class='ocrx_word' id='word_1_135' title='bbox 464 2969 512 3030; x_wconf 86' lang='lat' dir='ltr'>vel</span> <span class='ocrx_word' id='word_1_136' title='bbox 528 2969 554 3030; x_wconf 89' lang='lat' dir='ltr'>si</span> <span class='ocrx_word' id='word_1_137' title='bbox 570 2967 650 3031; x_wconf 85' lang='lat' dir='ltr'>forte</span> <span class='ocrx_word' id='word_1_138' title='bbox 667 2969 823 3033; x_wconf 84' lang='lat' dir='ltr'>ministrat</span> <span class='ocrx_word' id='word_1_139' title='bbox 839 2991 944 3053; x_wconf 90' lang='lat' dir='ltr'>opem,</span> 
     </span>
    </p>

    <p class='ocr_par' dir='ltr' id='par_1_7' title="bbox 196 3069 1158 3255">
     <span class='ocr_line' id='line_1_23' title="bbox 196 3069 1158 3154; baseline 0.004 -15"><span class='ocrx_word' id='word_1_140' title='bbox 196 3077 276 3150; x_wconf 90' lang='lat' dir='ltr'>Quis</span> <span class='ocrx_word' id='word_1_141' title='bbox 290 3076 377 3137; x_wconf 88' lang='lat' dir='ltr'>hona</span> <span class='ocrx_word' id='word_1_142' title='bbox 391 3072 563 3154; x_wconf 86' lang='lat' dir='ltr'>dispenset,</span> <span class='ocrx_word' id='word_1_143' title='bbox 577 3069 717 3154; x_wconf 89' lang='lat' dir='ltr'>prudens</span> <span class='ocrx_word' id='word_1_144' title='bbox 733 3072 871 3149; x_wconf 86' lang='lat' dir='ltr'>adverte,</span> <span class='ocrx_word' id='word_1_145' title='bbox 886 3075 946 3135; x_wconf 87' lang='lat' dir='ltr'>suh</span> <span class='ocrx_word' id='word_1_146' title='bbox 962 3074 1020 3137; x_wconf 89' lang='lat' dir='ltr'>iilo</span> <span class='ocrx_word' id='word_1_147' title='bbox 1070 3081 1158 3143; x_wconf 86' lang='grc'><strong>1555</strong></span> 
     </span>
     <span class='ocr_line' id='line_1_24' title="bbox 283 3170 961 3255; baseline -0.006 -15"><span class='ocrx_word' id='word_1_148' title='bbox 283 3177 355 3240; x_wconf 87' lang='lat' dir='ltr'>Stat</span> <span class='ocrx_word' id='word_1_149' title='bbox 369 3174 494 3235; x_wconf 83' lang='lat' dir='ltr'>fortuna</span> <span class='ocrx_word' id='word_1_150' title='bbox 509 3170 624 3234; x_wconf 89' lang='lat' dir='ltr'>domus</span> <span class='ocrx_word' id='word_1_151' title='bbox 640 3183 672 3234; x_wconf 88' lang='lat' dir='ltr'>et</span> <span class='ocrx_word' id='word_1_152' title='bbox 687 3173 776 3234; x_wconf 85' lang='lat' dir='ltr'>color</span> <span class='ocrx_word' id='word_1_153' title='bbox 791 3173 860 3255; x_wconf 89' lang='lat' dir='ltr'>ipse</span> <span class='ocrx_word' id='word_1_154' title='bbox 876 3174 961 3249; x_wconf 74' lang='lat' dir='ltr'>loci,</span> 
     </span>
    </p>

    <p class='ocr_par' dir='ltr' id='par_1_8' title="bbox 197 3273 1056 3457">
     <span class='ocr_line' id='line_1_25' title="bbox 197 3273 1056 3357; baseline -0.001 -15"><span class='ocrx_word' id='word_1_155' title='bbox 197 3281 282 3342; x_wconf 90' lang='lat' dir='ltr'>Nam</span> <span class='ocrx_word' id='word_1_156' title='bbox 298 3279 384 3339; x_wconf 91' lang='lat' dir='ltr'>hona</span> <span class='ocrx_word' id='word_1_157' title='bbox 400 3274 482 3336; x_wconf 83' lang='lat' dir='ltr'>fama</span> <span class='ocrx_word' id='word_1_158' title='bbox 497 3274 589 3357; x_wconf 90' lang='lat' dir='ltr'>perit,</span> <span class='ocrx_word' id='word_1_159' title='bbox 604 3273 631 3334; x_wconf 89' lang='lat' dir='ltr'>si</span> <span class='ocrx_word' id='word_1_160' title='bbox 646 3273 784 3336; x_wconf 89' lang='lat' dir='ltr'>rusticus</span> <span class='ocrx_word' id='word_1_161' title='bbox 799 3285 847 3336; x_wconf 90' lang='lat' dir='ltr'>est</span> <span class='ocrx_word' id='word_1_162' title='bbox 862 3275 911 3337; x_wconf 83' lang='lat' dir='ltr'>rei</span> <span class='ocrx_word' id='word_1_163' title='bbox 927 3296 1056 3355; x_wconf 89' lang='lat' dir='ltr'>avarus,</span> 
     </span>
     <span class='ocr_line' id='line_1_26' title="bbox 283 3375 971 3457; baseline 0 -17"><span class='ocrx_word' id='word_1_164' title='bbox 283 3376 409 3441; x_wconf 85' lang='lat' dir='ltr'>Frontis</span> <span class='ocrx_word' id='word_1_165' title='bbox 425 3376 466 3437; x_wconf 86' lang='lat' dir='ltr'>ah</span> <span class='ocrx_word' id='word_1_166' title='bbox 483 3375 613 3437; x_wconf 84' lang='lat' dir='ltr'>urbanae</span> <span class='ocrx_word' id='word_1_167' title='bbox 630 3396 762 3438; x_wconf 87' lang='lat' dir='ltr'>munere</span> <span class='ocrx_word' id='word_1_168' title='bbox 776 3378 861 3438; x_wconf 82' lang='lat' dir='ltr'>sama</span> <span class='ocrx_word' id='word_1_169' title='bbox 876 3376 971 3457; x_wconf 83' lang='lat' dir='ltr'>riget.</span> 
     </span>
    </p>
   </div>
   <div class='ocr_carea' id='block_1_5' title="bbox 198 3475 934 3645">
    <p class='ocr_par' dir='ltr' id='par_1_9' title="bbox 198 3475 934 3645">
     <span class='ocr_line' id='line_1_27' title="bbox 574 3475 773 3539; baseline 0 -2"><span class='ocrx_word' id='word_1_170' title='bbox 574 3475 626 3537; x_wconf 85' lang='lat' dir='ltr'>De</span> <span class='ocrx_word' id='word_1_171' title='bbox 642 3475 773 3539; x_wconf 81' lang='lat' dir='ltr'>Carino.</span> 
     </span>
     <span class='ocr_line' id='line_1_28' title="bbox 198 3560 934 3645; baseline -0.004 -16"><span class='ocrx_word' id='word_1_172' title='bbox 198 3567 306 3630; x_wconf 86' lang='lat' dir='ltr'>lnflex</span> <span class='ocrx_word' id='word_1_173' title='bbox 324 3563 438 3625; x_wconf 91' lang='lat' dir='ltr'>domus</span> <span class='ocrx_word' id='word_1_174' title='bbox 453 3572 501 3622; x_wconf 91' lang='lat' dir='ltr'>est</span> <span class='ocrx_word' id='word_1_175' title='bbox 517 3580 567 3622; x_wconf 88' lang='lat' dir='ltr'>res</span> <span class='ocrx_word' id='word_1_176' title='bbox 582 3560 790 3645; x_wconf 86' lang='lat' dir='ltr'>dispensante</span> <span class='ocrx_word' id='word_1_177' title='bbox 807 3564 934 3643; x_wconf 89' lang='lat' dir='ltr'>Carino,</span> 
     </span>
    </p>
   </div>
   <div class='ocr_carea' id='block_1_6' title="bbox 195 3662 1157 4450">
    <p class='ocr_par' dir='ltr' id='par_1_10' title="bbox 195 3662 1157 4450">
     <span class='ocr_line' id='line_1_29' title="bbox 285 3662 1157 3750; baseline 0.01 -25"><span class='ocrx_word' id='word_1_178' title='bbox 285 3664 413 3744; x_wconf 87' lang='lat' dir='ltr'>Hospes</span> <span class='ocrx_word' id='word_1_179' title='bbox 429 3673 461 3725; x_wconf 88' lang='lat' dir='ltr'>et</span> <span class='ocrx_word' id='word_1_180' title='bbox 477 3662 579 3723; x_wconf 89' lang='lat' dir='ltr'>hostis</span> <span class='ocrx_word' id='word_1_181' title='bbox 593 3676 695 3742; x_wconf 90' lang='grc'><strong>53551</strong></span> <span class='ocrx_word' id='word_1_182' title='bbox 712 3664 898 3729; x_wconf 85' lang='lat' dir='ltr'>conditione</span> <span class='ocrx_word' id='word_1_183' title='bbox 913 3667 995 3750; x_wconf 85' lang='lat' dir='ltr'>pari.</span> <span class='ocrx_word' id='word_1_184' title='bbox 1069 3674 1157 3735; x_wconf 89' lang='grc'><strong>1560</strong></span> 
     </span>
     <span class='ocr_line' id='line_1_30' title="bbox 590 3765 759 3829; baseline -0.006 -3"><span class='ocrx_word' id='word_1_185' title='bbox 590 3767 642 3827; x_wconf 82' lang='lat' dir='ltr'>De</span> <span class='ocrx_word' id='word_1_186' title='bbox 658 3765 759 3829; x_wconf 77' lang='lat' dir='ltr'>Catio.</span> 
     </span>
     <span class='ocr_line' id='line_1_31' title="bbox 197 3865 1018 3949; baseline -0.002 -12"><span class='ocrx_word' id='word_1_187' title='bbox 197 3873 312 3937; x_wconf 85' lang='lat' dir='ltr'>Fronte</span> <span class='ocrx_word' id='word_1_188' title='bbox 328 3867 414 3949; x_wconf 78' lang='lat' dir='ltr'>gravi</span> <span class='ocrx_word' id='word_1_189' title='bbox 433 3865 545 3928; x_wconf 89' lang='lat' dir='ltr'>Catius</span> <span class='ocrx_word' id='word_1_190' title='bbox 562 3865 662 3930; x_wconf 85' lang='lat' dir='ltr'>vitam</span> <span class='ocrx_word' id='word_1_191' title='bbox 677 3871 830 3934; x_wconf 88' lang='lat' dir='ltr'>mentitur</span> <span class='ocrx_word' id='word_1_192' title='bbox 841 3872 1018 3948; x_wconf 87' lang='lat' dir='ltr'>honestam,</span> 
     </span>
     <span class='ocr_line' id='line_1_32' title="bbox 282 3968 1039 4056; baseline 0.001 -21"><span class='ocrx_word' id='word_1_193' title='bbox 282 3968 395 4035; x_wconf 85' lang='lat' dir='ltr'>Gauda</span> <span class='ocrx_word' id='word_1_194' title='bbox 410 3979 527 4044; x_wconf 79' lang='lat' dir='ltr'>tamen,</span> <span class='ocrx_word' id='word_1_195' title='bbox 542 3968 620 4051; x_wconf 92' lang='lat' dir='ltr'>quid</span> <span class='ocrx_word' id='word_1_196' title='bbox 637 3970 689 4047; x_wconf 88' lang='lat' dir='ltr'>sit,</span> <span class='ocrx_word' id='word_1_197' title='bbox 704 3971 827 4034; x_wconf 82' lang='lat' dir='ltr'>indicat</span> <span class='ocrx_word' id='word_1_198' title='bbox 842 3984 938 4056; x_wconf 92' lang='lat' dir='ltr'>atque</span> <span class='ocrx_word' id='word_1_199' title='bbox 954 3975 1039 4054; x_wconf 86' lang='lat' dir='ltr'>gula.</span> 
     </span>
     <span class='ocr_line' id='line_1_33' title="bbox 516 4070 826 4152; baseline 0.006 -20"><span class='ocrx_word' id='word_1_200' title='bbox 516 4070 567 4132; x_wconf 85' lang='lat' dir='ltr'>De</span> <span class='ocrx_word' id='word_1_201' title='bbox 584 4071 826 4152; x_wconf 65' lang='grc' dir='ltr'><strong>(οφ-3115515515.</strong></span> 
     </span>
     <span class='ocr_line' id='line_1_34' title="bbox 196 4174 976 4256; baseline -0.006 -13"><span class='ocrx_word' id='word_1_202' title='bbox 196 4181 261 4254; x_wconf 86' lang='lat' dir='ltr'>Qui</span> <span class='ocrx_word' id='word_1_203' title='bbox 277 4175 409 4241; x_wconf 86' lang='lat' dir='ltr'>Fabium</span> <span class='ocrx_word' id='word_1_204' title='bbox 426 4185 529 4253; x_wconf 78' lang='lat' dir='ltr'>gestu,</span> <span class='ocrx_word' id='word_1_205' title='bbox 546 4174 633 4236; x_wconf 87' lang='lat' dir='ltr'>rerbi</span> <span class='ocrx_word' id='word_1_206' title='bbox 650 4175 805 4256; x_wconf 82' lang='lat' dir='ltr'>gravitate</span> <span class='ocrx_word' id='word_1_207' title='bbox 822 4175 976 4242; x_wconf 84' lang='lat' dir='ltr'>Catonem</span> 
     </span>
     <span class='ocr_line' id='line_1_35' title="bbox 281 4275 1025 4363; baseline 0 -22"><span class='ocrx_word' id='word_1_208' title='bbox 281 4275 453 4360; x_wconf 86' lang='lat' dir='ltr'>Exprimit,</span> <span class='ocrx_word' id='word_1_209' title='bbox 466 4275 639 4337; x_wconf 89' lang='lat' dir='ltr'>humanum</span> <span class='ocrx_word' id='word_1_210' title='bbox 656 4297 728 4339; x_wconf 85' lang='lat' dir='ltr'>curn</span> <span class='ocrx_word' id='word_1_211' title='bbox 745 4276 918 4360; x_wconf 74' lang='lat' dir='ltr'>Corydone</span> <span class='ocrx_word' id='word_1_212' title='bbox 933 4280 1025 4363; x_wconf 83' lang='lat' dir='ltr'>sapit</span> 
     </span>
     <span class='ocr_line' id='line_1_36' title="bbox 195 4375 1155 4450; baseline -0.002 -4"><span class='ocrx_word' id='word_1_213' title='bbox 195 4380 310 4446; x_wconf 86' lang='lat' dir='ltr'>Sordet</span> <span class='ocrx_word' id='word_1_214' title='bbox 323 4379 362 4439; x_wconf 85' lang='lat' dir='ltr'>iis</span> <span class='ocrx_word' id='word_1_215' title='bbox 377 4378 492 4450; x_wconf 83' lang='lat' dir='ltr'>clerus,</span> <span class='ocrx_word' id='word_1_216' title='bbox 510 4375 579 4436; x_wconf 71' lang='lat' dir='ltr'>vite</span> <span class='ocrx_word' id='word_1_217' title='bbox 596 4378 776 4440; x_wconf 89' lang='lat' dir='ltr'>communis</span> <span class='ocrx_word' id='word_1_218' title='bbox 792 4379 964 4442; x_wconf 89' lang='lat' dir='ltr'>abhorrent</span> <span class='ocrx_word' id='word_1_219' title='bbox 1067 4380 1155 4444; x_wconf 83' lang='grc'><strong>1565</strong></span> 
     </span>
    </p>
   </div>
   <div class='ocr_carea' id='block_1_7' title="bbox 0 0 1507 5592">
    <p class='ocr_par' dir='ltr' id='par_1_11' title="bbox 0 0 1507 5592">
     <span class='ocr_line' id='line_1_37' title="bbox 0 0 1507 5592; baseline 0 0"><span class='ocrx_word' id='word_1_220' title='bbox 0 0 1507 5592; x_wconf 95' lang='lat' dir='ltr'> </span> 
     </span>
    </p>
   </div>
  </div>
 </body>
</html>
