2992 5592
389 812 431 870 68
655 821 793 868 rossam
810 820 1089 865 ssansnalunxsrs
1210 803 1291 882 [mn.
1308 823 1345 865 u.

408 975 486 1058 Cap.
503 980 533 1037 ὁ.
557 972 610 1036 Dc
620 974 770 1055 partibus
786 971 986 1045 Dialecticc,
1003 973 1118 1054 etfiue
1135 972 1332 1055 logicorum.

437 1089 561 1153 Vanum
583 1100 620 1150 ut
642 1109 662 1149 a
683 1087 788 1171 specie
807 1087 974 1150 redeamus
996 1085 1036 1149 ad
1058 1108 1173 1169 genus,
1193 1088 1343 1173 quoniam

394 1188 540 1276 quiedam
553 1188 659 1252 adhuc
670 1187 978 1261 videnturdicenda;
995 1189 1209 1254 communiter
1218 1193 1348 1274 topicam

393 1291 572 1355 diviserunt
587 1302 732 1353 auctores
754 1288 964 1353 inscientiam
988 1289 1183 1365 inveniendi,
1200 1304 1233 1354 et
1254 1292 1350 1354 scien·

393 1396 470 1456 tiam
493 1391 681 1476 judicandi3
712 1390 911 1477 eandemque
942 1403 1042 1454 totam
1070 1391 1102 1453 in
1130 1389 1348 1470 divisionibus,

393 1489 645 1570 definitionibus,
670 1488 977 1573 collectionibusque
1008 1488 1126 1551 versari
1151 1488 1347 1555 docuerunt:

393 1592 554 1678 siquidem
566 1591 747 1655 inveniendi
758 1604 790 1654 et
801 1587 968 1677 judicandi
981 1590 1133 1674 magistra
1147 1607 1210 1665 est,
1221 1605 1255 1656 et
1270 1589 1349 1654 divi·

394 1691 505 1770 dendi,
520 1691 769 1777 definiendique,
781 1704 813 1754 et
828 1689 1072 1775 argumentandi
1085 1690 1228 1774 peritum
1244 1690 1348 1767 babet,

395 1795 494 1858 immo
514 1795 591 1858 facit
613 1793 770 1879 opificem.
816 1797 904 1857 Inter
927 1806 1057 1856 caeteras
1079 1791 1189 1878 itaque
1211 1790 1349 1878 pbiloso-

396 1896 481 1981 plriae
498 1908 615 1981 partes,
631 1895 801 1979 privilegio
821 1893 943 1979 duplici
966 1892 1119 1977 insignita
1134 1906 1201 1955 est:
1226 1893 1304 1978 quia
1318 1906 1349 1956 et

395 1997 581 2083 principalis
596 1995 728 2058 membri
742 1994 914 2058 decoratur
929 1995 1059 2070 bonore,
1071 2008 1103 2058 et
1120 1994 1151 2058 in
1165 2008 1233 2059 toto
1249 1994 1348 2080 philo·

396 2097 517 2183 sophiae
531 2119 675 2181 corpore,
691 2094 824 2160 efficacis
840 2096 1043 2161 instrumenti
1058 2110 1183 2161 exercet
1199 2097 1348 2161 officium.

400 2198 557 2284 Physicus
577 2197 671 2271 enim,
687 2212 719 2262 et
741 2199 888 2276 Etbicus,
902 2199 935 2261 in
951 2200 1018 2262 suis
1038 2199 1265 2264 assertionibus
1287 2221 1347 2263 non

396 2299 586 2387 procedunt,
616 2299 676 2362 nisi
706 2298 951 2384 probationibus
980 2321 998 2361 a
1028 2300 1148 2381 Logico
1185 2299 1348 2365 mutuatis.

398 2403 502 2466 Nemo
523 2422 631 2465 eorum
656 2413 740 2464 recte
763 2399 885 2475 definit,
902 2414 959 2464 ant
981 2399 1108 2476 dividit,
1124 2401 1186 2464 nisi
1206 2401 1254 2464 eis
1273 2402 1348 2466 artis

397 2522 464 2567 suoe
476 2499 616 2584 Logicus
623 2501 759 2585 gratiam
771 2500 885 2565 faciat:
904 2500 1045 2587 alioquin
1055 2524 1219 2565 successus
1227 2524 1349 2578 eorum,

396 2627 458 2670 non
479 2604 621 2680 scientia,
637 2602 692 2666 sed
715 2626 808 2668 casus
830 2618 1007 2689 promovet.
1054 2605 1245 2668 Rationalis
1266 2607 1349 2669 mim

397 2720 466 2782 est;
496 2720 532 2771 ut
547 2718 671 2770 constet
692 2728 730 2769 ex
753 2705 891 2781 nomine,
907 2709 979 2790 quis
1000 2705 1028 2768 ei
1044 2706 1084 2769 sit
1101 2705 1133 2768 in
1149 2704 1351 2791 philosophia

396 2832 573 2895 processus,
596 2807 652 2892 qui
678 2807 809 2871 rationis
834 2830 949 2892 expers
970 2821 1035 2872 est:
1068 2807 1139 2873 licet
1167 2809 1250 2872 enim
1277 2810 1351 2895 quia

398 2911 610 2996 perspicacem
636 2908 751 2973 habeat
774 2909 940 2983 rationem,
956 2909 1070 2973 animae
1093 2911 1245 2976 virtutem
1268 2909 1349 2989 dico,

396 3012 429 3074 in
459 3008 668 3096 philosophia
698 3019 802 3072 tamen
834 3010 970 3094 negotiis
999 3009 1040 3073 sd
1071 3011 1173 3076 multa
1204 3013 1347 3077 subsistit

397 3112 597 3193 offendicula,
611 3113 637 3175 si
653 3134 715 3175 non
732 3111 847 3177 habeat
863 3111 1015 3175 rationem
1029 3113 1181 3198 propositi
1199 3113 1349 3179 faciendi:

397 3239 472 3302 quae
487 3214 616 3301 quidem
633 3228 680 3278 est
697 3213 878 3292 methodus,
893 3212 926 3276 id
942 3227 989 3278 est
1005 3215 1087 3279 ratio
1102 3216 1349 3300 compendiaria,

398 3316 554 3401 propositi
570 3315 696 3398 pariens
710 3330 742 3379 et
757 3314 928 3400 expediens
943 3315 1139 3380 fucultatem.
1179 3321 1352 3384 Versantur

398 3428 505 3479 autem
522 3415 553 3476 in
571 3413 667 3478 biset
689 3437 763 3500 quae
779 3415 876 3480 dictae
891 3429 965 3480 sunt
987 3415 1183 3504 pertinentes
1196 3419 1238 3483 ad
1257 3417 1352 3506 Lagi

397 3538 464 3580 cam
481 3514 666 3600 disciplinae.
713 3518 797 3578 Nam
813 3518 1066 3595 demonstrativa,
1083 3530 1112 3583 et
1124 3520 1307 3602 probabilis,
1322 3531 1351 3586 ct

397 3618 576 3700 sophistico,
591 3639 699 3680 omnes
714 3616 846 3702 quidem
862 3625 1041 3688 consistunt
1062 3622 1093 3687 in
1110 3622 1305 3700 inventione,
1320 3637 1351 3687 et

395 3719 532 3810 judicio,
542 3735 573 3785 et
586 3719 697 3783 itidem
708 3719 898 3800 dividentes,
908 3724 1107 3805 definientes,
1116 3739 1149 3790 et
1157 3723 1354 3808 colligentes,

399 3824 581 3890 domesticis
596 3823 775 3890 rationibus
790 3840 947 3892 utuntur:
976 3830 1035 3894 etsi
1051 3829 1192 3904 materia,
1208 3844 1265 3894 aut
1281 3829 1354 3909 fine,

399 3941 454 3993 aut
477 3925 572 3990 modo
594 3925 721 4010 agendi,
735 3925 905 3992 dissimiles
927 3928 997 3994 sint.
1044 3931 1152 4007 Quum
1175 3952 1251 3993 vero
1273 3929 1354 3994 ratio

399 4028 618 4116 multipliciter
654 4028 793 4105 dicatur,
824 4029 975 4094 latissime
1011 4043 1097 4117 patet
1129 4030 1180 4095 bic
1214 4031 1353 4096 officium

399 4134 551 4200 nominis:
577 4132 776 4218 nequeenim
790 4146 952 4196 coartatur
968 4133 1053 4197 adid
1070 4133 1254 4214 dumtaxat,
1265 4133 1353 4221 quod

399 4239 480 4303 ratio
494 4250 553 4310 est,
572 4235 626 4299 sed
642 4234 682 4298 ad
699 4234 731 4298 id
757 4234 961 4320 protenditur
977 4235 1085 4314 etiam,
1100 4236 1189 4320 quod
1214 4237 1353 4303 videtur.

397 4342 480 4402 Nam
507 4352 543 4402 ut
564 4336 642 4400 alias
665 4350 784 4400 taceam
810 4335 944 4399 nominis
966 4336 1224 4423 significationes,
1241 4338 1353 4403 dicunt

397 4438 456 4501 boc
480 4461 593 4501 nomen
619 4436 818 4521 grammatici
846 4437 1024 4516 absolutum,
1050 4439 1139 4526 quod
1166 4439 1208 4504 ad
1236 4440 1354 4506 intelli-
