2992 5592
410 795 474 852 ala
657 808 795 857 JOANMS
811 810 1089 854 sanasncmausrs
1202 796 1311 874 [sacr.
1328 817 1363 858 11.

524 1051 607 1114 Sect.
624 1056 653 1111 2.
679 1051 832 1114 Secundo
849 1056 976 1130 septeno
994 1051 1032 1112 de
1048 1053 1109 1112 viic
1123 1054 1253 1113 onimae.

453 1169 545 1232 Huic
575 1168 687 1250 primae
718 1184 858 1254 septena>
889 1168 1028 1230 secunda
1058 1170 1260 1255 adjungitur,
1292 1194 1362 1256 quae

407 1283 525 1353 septem
543 1269 719 1333 liberalium
743 1270 859 1333 artium
887 1279 1019 1353 septena
1034 1269 1161 1345 dicitur,
1179 1294 1253 1356 qua>
1269 1272 1360 1334 etiarn

408 1383 528 1455 septem
543 1373 601 1434 ciae
613 1374 726 1433 animae
736 1371 962 1433 antonomasia
974 1370 1186 1455 appellantur,
1200 1374 1232 1435 in
1247 1372 1362 1456 quibus

408 1472 568 1536 humanus
582 1473 705 1536 animus
720 1473 817 1537 libere
841 1471 1000 1550 eruditur,
1015 1485 1048 1534 et
1061 1497 1081 1535 a
1095 1475 1180 1537 curis
1195 1476 1360 1539 servilibus

409 1571 571 1639 liberatur.
619 1577 742 1638 [larum
760 1591 866 1638 autem
883 1591 1003 1659 septem
1021 1577 1136 1640 artium
1154 1578 1360 1660 grammatica

406 1678 438 1738 in
462 1677 670 1741 eruditionem
696 1680 798 1761 prima
824 1677 964 1760 punitur,
992 1678 1070 1761 quia
1099 1701 1156 1763 per
1183 1703 1252 1742 eam
1277 1696 1358 1743 recte

406 1777 493 1864 loqui
524 1780 712 1842 instruimur
735 1801 791 1863 per
817 1778 1013 1840 dialecticam
1039 1780 1281 1856 rationabiliter,
1305 1805 1358 1866 per

405 1882 593 1946 rhetoricam
609 1897 731 1956 ornate,
743 1903 801 1965 per
815 1881 1047 1944 arithmeticam
1062 1905 1136 1945 vero
1145 1883 1297 1948 docemur
1310 1909 1356 1948 res

403 2001 535 2071 propter
553 1984 790 2048 multitudinem
806 1984 959 2062 dividere,
983 2007 1040 2070 per
1063 1986 1212 2048 musicam
1230 1987 1357 2050 dissona

401 2108 538 2150 consona
567 2086 710 2161 reddere,
740 2109 797 2173 per
831 2088 1037 2170 geometriam
1067 2086 1106 2149 de
1139 2087 1353 2172 inaequalibus

400 2189 536 2273 oequalia
560 2192 672 2263 lacere,
699 2209 756 2272 per
777 2187 1002 2251 astronomiam
1033 2188 1132 2269 signa,
1152 2199 1296 2273 tempora
1319 2205 1350 2253 et

400 2290 587 2376 temporalia
601 2291 809 2375 distinguere,
822 2305 855 2354 et
866 2291 906 2354 de
918 2292 1115 2377 temporibus
1128 2306 1161 2355 et
1173 2291 1353 2377 temporali-

399 2392 458 2455 bus
469 2392 617 2477 quaedam
634 2393 745 2455 futura
762 2415 861 2477 prope
877 2391 983 2477 posita
999 2393 1202 2477 praesignare.

442 2495 487 2558 Et
517 2494 692 2559 notandum
724 2495 813 2580 quod
844 2496 876 2558 in
908 2495 958 2558 bis
988 2495 1126 2559 scientiis
1148 2512 1194 2558 est
1217 2495 1351 2560 dulcedo

397 2598 536 2661 maxima
552 2598 713 2662 utilitasin
733 2601 851 2661 virtute
867 2620 923 2683 per
934 2598 1081 2661 scientias
1096 2598 1272 2683 acquisita余
1297 2623 1348 2663 sex

397 2722 472 2763 vero
494 2700 579 2764 modi
603 2700 762 2764 coloratus
784 2701 816 2763 in
841 2699 1008 2786 utriusque
1039 2699 1198 2764 mixtura:
1229 2702 1349 2785 primus

396 2799 511 2863 modus
528 2812 577 2865 est
602 2800 730 2875 idioma,
758 2799 791 2863 id
820 2813 868 2861 cst
894 2800 1073 2884 proprietas
1099 2800 1291 2864 inventionis
1316 2801 1345 2863 in

395 2901 606 2973 sermonibus余
619 2901 776 2965 secundus
787 2906 916 2985 elegans
927 2901 1117 2985 compositio
1128 2902 1160 2964 in
1172 2903 1348 2986 conjunctis

392 3004 606 3077 dictionibus余
632 3006 746 3069 tertius
761 3006 793 3067 in
811 3026 904 3068 sensu
921 3019 953 3067 et
970 3003 1129 3068 sententia
1144 3004 1289 3076 schema余
1314 3006 1345 3068 id

392 3124 440 3175 est
469 3109 665 3174 delectabilis
687 3121 842 3179 ornatus3
874 3122 1011 3192 quartus
1035 3107 1123 3193 lepor
1152 3109 1294 3174 urbanus
1313 3113 1344 3174 in

392 3210 722 3296 pronunciationibus,
735 3209 767 3272 id
782 3223 829 3273 est
842 3209 948 3272 suavis
959 3209 1222 3294 pronunciatioet
1235 3210 1346 3289 faceta,

391 3315 495 3376 sensui
529 3313 683 3378 concinna
720 3326 752 3376 et
782 3310 986 3376 auditoribus
1013 3311 1174 3395 jocunda:
1216 3313 1346 3399 quintus

389 3414 555 3498 apologus,
578 3418 634 3498 qui
655 3429 702 3477 est
719 3437 821 3477 sermo
839 3435 934 3477 causa
949 3412 1169 3477 delectationis
1184 3413 1344 3491 inductus,

388 3529 475 3578 totus
490 3514 634 3578 ethicus:
660 3531 769 3579 sextus
792 3514 995 3600 proverbium
1013 3512 1101 3600 quod
1126 3528 1175 3579 est
1197 3531 1343 3581 constans

387 3617 551 3682 sententiae
586 3620 810 3703 compendium
841 3619 983 3683 ethicum
1012 3637 1044 3683 et
1073 3618 1177 3681 docile
1206 3620 1343 3685 reddens

384 3720 558 3802 ingenium.
606 3722 667 3783 His
682 3722 783 3804 igitur
804 3744 858 3785 sex
883 3721 996 3794 modis,
1012 3719 1044 3783 id
1062 3734 1110 3784 est
1126 3744 1181 3784 sex
1198 3720 1339 3786 colorum

383 3820 504 3900 formis,
517 3843 626 3884 omnes
636 3822 805 3906 scripturae
817 3820 954 3908 quadam
965 3819 1134 3884 dulcedine
1146 3821 1340 3898 colorantur,

381 3938 413 3988 et
436 3945 538 3986 mores
567 3945 624 4008 per
646 3935 730 3986 artes
752 3922 967 4008 gradientium
992 3921 1217 3987 reformantur.
1266 3923 1339 3988 latae

381 4041 500 4110 septem
518 4023 706 4109 disciplinae,
717 4025 877 4109 sapienter
892 4021 1249 4107 consideranti,septem
1265 4041 1340 4088 suut

379 4129 441 4191 viae
455 4128 569 4192 auimae
581 4131 612 4190 in
625 4126 698 4189 vitoe
713 4140 745 4190 et
758 4147 882 4188 morum
896 4124 1081 4187 honestate:
1101 4124 1340 4189 Grammaticus

376 4253 514 4317 namque
528 4230 610 4293 viam
621 4229 838 4313 grammatica
853 4240 938 4290 recte
950 4224 1141 4310 ingreditur,
1154 4240 1186 4290 et
1200 4249 1257 4311 per
1268 4251 1336 4292 eam

377 4333 537 4419 graditur,
559 4330 692 4416 quando
714 4343 786 4414 post
812 4343 929 4393 rectam
953 4326 1177 4410 loquutionem
1210 4328 1286 4394 virae
1308 4345 1339 4394 et

378 4453 502 4507 morum
518 4431 664 4520 sequitur
676 4430 875 4518 aequitatem.
893 4425 977 4506 Quid
991 4428 1074 4490 enim
1088 4430 1219 4513 prodest
1229 4453 1335 4515 gram.
