2992 5592
414 803 450 860 10
795 813 974 858 raonoous.

407 988 516 1029 vorum
533 988 612 1041 csse,
628 964 716 1050 quod
735 965 863 1050 loquor:
888 964 942 1028 sed
959 987 1015 1028 seu
1032 987 1154 1041 verum,
1170 988 1226 1028 seu
1243 967 1354 1031 falsum

370 1049 378 1056 ’
406 1068 458 1145 sit,
474 1066 539 1130 sola
554 1064 779 1153 probabilitate
794 1075 960 1128 contentus
974 1086 1055 1128 sum.
1083 1062 1150 1144 Tu,
1167 1077 1203 1131 ut
1218 1066 1356 1144 libuerit,

408 1169 555 1231 universa
569 1167 776 1244 examinabis,
791 1180 823 1230 et
838 1166 975 1250 singula,
990 1167 1068 1252 quia
1079 1180 1110 1230 te
1120 1167 1265 1253 judicem
1282 1171 1357 1235 meis

405 1270 567 1355 opusculis
581 1269 773 1346 consecravi,
789 1269 865 1331 dum
878 1268 1052 1354 intelligam
1069 1270 1158 1354 quod
1174 1270 1251 1333 mibi
1263 1294 1356 1357 opera

405 1394 467 1434 non
485 1385 603 1457 pereat,
622 1385 653 1436 et
679 1371 831 1455 impensa.
877 1370 973 1448 Quod
999 1374 1025 1435 si
1043 1372 1142 1457 (quod
1163 1370 1263 1456 absit)
1285 1393 1355 1436 con·

404 1473 524 1559 tigerit,

545 1590 684 1643 Inveniam
695 1590 776 1643 alium
788 1592 810 1643 si
821 1608 864 1643 me
876 1591 918 1642 hic
930 1588 1031 1642 fastidit
1045 1589 1151 1652 Alexis,

404 1691 641 1781 philosophanti
656 1695 832 1781 quemlibet
848 1694 1021 1780 praeferens
1036 1694 1234 1758 histrionem.
1280 1697 1355 1761 Tria

404 1796 533 1880 quidem
550 1808 624 1860 sont
638 1796 686 1873 (ut
702 1795 742 1859 de
754 1795 884 1859 consilio
895 1817 966 1858 meo
976 1794 1149 1879 perfectius
1164 1796 1354 1880 instruaris)

404 1919 479 1980 quae
496 1919 556 1959 nou
573 1896 668 1959 modo
680 1895 757 1960 mihi
769 1910 903 1974 metum,
914 1895 969 1960 sed
980 1897 1141 1981 plerisque
1149 1897 1357 1982 scriptoribus

403 1996 581 2080 periculum
612 1994 734 2070 salutis,
765 2007 821 2058 aut
838 1996 943 2060 meriti
972 1996 1175 2083 dispendium
1196 1998 1354 2063 afferunt:

406 2096 592 2180 Ignorantia
614 2097 691 2172 veri,
710 2094 807 2160 fallax
829 2110 885 2162 aut
906 2111 1055 2183 proterva
1075 2100 1207 2164 assertio
1226 2101 1310 2178 falsi,
1325 2114 1355 2166 et

404 2197 529 2262 tumida
549 2198 702 2284 professio
718 2199 871 2264 veritatis.
916 2201 1000 2266 Novi
1023 2200 1106 2264 enim
1129 2200 1202 2287 quis
1216 2202 1354 2268 dixerit:

409 2301 531 2363 Tutius
553 2301 690 2363 auditur
709 2304 838 2381 υονίἰαε,
852 2323 949 2384 quum
965 2303 1098 2365 dicatur.
1144 2308 1182 2368 ln
1197 2305 1357 2369 audiendo

403 2400 486 2464 enim
509 2401 690 2465 custoditur
712 2401 886 2481 humilitas,
908 2402 963 2466 sed
979 2403 1010 2466 io
1026 2403 1161 2467 dicendo
1183 2405 1354 2490 saepissime

404 2501 547 2587 subrepit
562 2502 667 2568 elatio.
713 2502 785 2588 Ego
806 2516 912 2567 autem
930 2503 961 2566 in
983 2504 1132 2568 omnibus
1153 2504 1203 2570 his
1217 2529 1353 2592 agnosco

403 2624 539 2666 errorem
557 2625 675 2679 meum,
691 2604 747 2689 qui
758 2615 790 2666 et
806 2624 911 2666 rerum
927 2605 1107 2688 ignorantia
1118 2604 1239 2685 laboro,
1253 2620 1285 2672 et
1297 2606 1354 2671 fal-

402 2726 473 2767 sum
486 2706 614 2790 saepius,
625 2718 657 2770 et
669 2706 771 2789 magis
782 2728 878 2790 quam
892 2705 1054 2790 expediat,
1067 2717 1170 2787 tueor,
1181 2719 1212 2771 et
1225 2707 1355 2794 plerun-

402 2825 466 2886 que
481 2804 613 2877 tumide,
626 2816 740 2868 etcum
752 2803 900 2883 elatione,
914 2804 1016 2867 donec
1028 2827 1078 2867 me
1090 2809 1181 2869 Deus
1191 2808 1352 2893 corripiat,

402 2915 434 2967 et
463 2903 613 2989 corrigat,
643 2906 743 2987 ipsam
775 2906 902 2991 profero
932 2905 1108 2970 veritatem.
1167 2907 1265 2971 Unde
1294 2909 1353 2972 lec-

402 3016 501 3069 torem
533 3017 565 3069 et
593 3005 785 3085 auditorem,
805 3018 927 3092 quanta
955 3029 1080 3092 possum
1112 3008 1352 3094 supplicatione,

401 3107 564 3189 convenio,
589 3121 625 3172 ut
651 3109 684 3172 in
710 3107 907 3172 orationibus
933 3108 998 3171 suis
1021 3131 1175 3173 memores
1200 3115 1264 3176 mei
1292 3113 1351 3177 sint

401 3209 489 3293 apud
514 3209 729 3285 albissimum,
760 3210 966 3296 impetrantes
996 3211 1074 3274 mihi
1103 3213 1349 3297 praecedentium

401 3310 523 3372 veniam
536 3311 738 3391 delictorum,
747 3313 1107 3387 cautelamsuturorum,
1119 3316 1265 3380 notitiam
1276 3317 1350 3391 veri,

401 3432 538 3474 amorem
563 3413 649 3489 boni,
672 3414 796 3477 cultum
820 3417 894 3492 Dei,
917 3428 949 3479 et
971 3430 1006 3480 ut
1029 3416 1134 3496 corde,
1156 3441 1222 3496 ore,
1245 3443 1348 3506 opere,

401 3524 609 3576 exerceantur
637 3537 657 3578 a
683 3513 785 3593 nobis,
812 3540 886 3601 quae
912 3515 1028 3582 divinae
1054 3532 1129 3584 sunt
1156 3520 1274 3605 placita
1299 3544 1349 3587 vo.-

402 3613 528 3677 luntati.
