2992 5592
400 800 463 860 258
658 812 799 858 sonuum
815 810 1095 858 suun-sumnus

487 967 527 1029 In
543 965 644 1029 forma
657 966 793 1041 numeri,
807 963 959 1048 ponderis
973 971 1070 1049 atque
1084 966 1184 1029 modi.

400 1068 558 1153 Quodque
573 1069 743 1151 potestatis
758 1067 837 1130 ratio
853 1065 996 1149 disponit
1010 1066 1052 1130 ab
1068 1088 1136 1130 aevo

486 1168 705 1251 Dispensante
719 1189 828 1245 manu,
842 1177 987 1250 tempora
1001 1178 1088 1231 certa
1102 1168 1223 1232 vident.

764 1270 852 1343 Quid
866 1276 1001 1332 nutura.

404 1371 581 1435 Causarum
597 1373 695 1435 series
708 1384 823 1435 natura
839 1385 978 1450 vocatur,
992 1373 1033 1436 ab
1048 1373 1104 1436 illa

490 1473 623 1536 Sensilis
636 1474 690 1536 hic
706 1473 846 1537 mundus
861 1474 1019 1539 contrahit
1033 1496 1103 1538 esse
1117 1497 1221 1539 suum.

404 1575 450 1638 Et
464 1573 493 1637 si
507 1575 620 1639 vicinis
635 1573 834 1639 concordant
848 1576 1008 1659 plasmata
1021 1577 1138 1654 causis,

492 1677 585 1742 Tune
600 1689 715 1741 natura
728 1698 844 1760 parens
859 1698 954 1741 omne
969 1678 1086 1759 figurat
1100 1700 1192 1762 opus.

372 1777 382 1798 ⁰
407 1778 442 1841 si
458 1778 497 1842 sit
513 1779 554 1841 ab
570 1790 687 1842 eventu
701 1778 810 1841 vicino
825 1778 957 1842 dissona
972 1801 1080 1858 causa,

494 1882 615 1946 Contra
630 1893 773 1945 naturam
789 1883 882 1945 turba
897 1881 975 1965 qnid
991 1903 1060 1946 esse
1075 1895 1177 1967 putat,

407 1984 462 2060 Et,
478 1984 553 2065 quia
566 2005 663 2047 eausa
677 1986 765 2062 latet,
780 1983 859 2047 dicit
873 1984 997 2047 ratione
1012 2005 1138 2060 carer03

495 2084 561 2147 Sed
576 2086 673 2168 plane
688 2086 769 2149 nihil
784 2096 844 2160 est,
860 2084 949 2169 quod
963 2085 1085 2150 ratione
1100 2097 1194 2150 caret.

637 2188 730 2261 Quod
743 2189 829 2250 nibil
841 2194 954 2250 eontra
969 2190 1135 2250 rationem.

410 2290 568 2352 Praecedit
581 2292 661 2353 ratio
677 2312 781 2354 rerum
798 2292 1014 2375 quarumlibet
1027 2305 1143 2369 ortum,

495 2392 539 2453 Et
554 2405 645 2454 natas
660 2392 773 2455 eadem
790 2394 939 2477 provehit
953 2405 1049 2479 alque
1064 2403 1188 2457 movet:

412 2493 494 2555 Haee
511 2494 623 2556 eadem
638 2493 736 2557 finem
753 2507 881 2578 praestet
896 2499 993 2561 rebus
1006 2496 1163 2581 perituris,

498 2596 544 2659 Et
559 2611 664 2659 motus
680 2617 792 2660 omnes
807 2599 930 2680 optima
943 2620 1042 2662 eausa
1055 2599 1146 2679 regit„

412 2700 455 2759 At
470 2719 585 2762 causas
601 2699 683 2762 inter
698 2720 771 2782 quae
786 2699 949 2782 praecedit,
963 2700 1146 2764 dominatur

500 2804 545 2865 Et
560 2802 642 2864 vires
658 2823 769 2865 omnes
784 2802 942 2865 inferioris
956 2804 1063 2867 hebet

414 2905 487 2967 Non
506 2915 611 2968 tamen
628 2904 758 2967 inferior
772 2904 968 2968 dominantis
976 2905 1050 2989 jure
1065 2904 1193 2987 potitur,

500 3009 566 3070 Aut
581 3005 681 3088 aequis
696 3006 743 3067 illi
757 3006 904 3088 passibus
918 3006 964 3069 ire
978 3016 1092 3090 potest.

415 3111 488 3171 Hoc
505 3109 660 3191 scriptura
675 3106 780 3183 docet,
788 3107 883 3191 jubet
897 3108 961 3170 hoc
976 3119 1090 3171 natura
1104 3107 1251 3179 creatrix,

504 3212 552 3274 Ut
566 3207 684 3272 cedant
699 3209 824 3292 superis
839 3207 988 3271 inferiora
1002 3210 1078 3272 euin.

710 3310 798 3383 Quid
812 3311 954 3372 omnium
968 3329 1079 3372 cauea.

419 3413 527 3475 Unica
542 3432 708 3474 causarum
724 3410 804 3472 ratio
819 3408 928 3472 divina
942 3411 1096 3486 voluntas,

505 3515 610 3585 Quam
626 3514 719 3575 Plato
734 3524 856 3575 nalurae
873 3513 1001 3575 nomine
1017 3533 1102 3595 saepe
1118 3523 1220 3573 vocat

419 3616 513 3678 Illius
528 3616 663 3698 imperio
679 3616 775 3677 servit
790 3626 902 3678 natura
916 3627 1033 3691 creata,

508 3714 658 3797 Ordoque
674 3738 841 3779 causarum
858 3728 943 3780 totus
957 3716 1097 3779 adheret
1110 3715 1149 3777 ei.

718 3817 807 3890 Quid
820 3818 965 3879 humana
981 3819 1071 3880 ratio.

423 3920 484 3979 Est
498 3916 638 3979 hominis
653 3918 731 3981 ratio
746 3941 879 3983 summae
895 3920 1023 3982 rationis
1036 3919 1151 3997 imago,

510 4018 589 4088 Quae
605 4018 693 4101 capit
706 4019 842 4082 interius
858 4041 931 4083 vera
944 4019 1080 4084 docente
1096 4018 1180 4081 Deo.
1310 4021 1377 4079 630

425 4124 470 4184 Ut
486 4122 561 4185 data
575 4122 633 4182 lux
648 4121 762 4198 oculis,
778 4135 842 4182 tam
858 4141 892 4183 se
907 4143 1004 4205 quam
1019 4130 1136 4184 eaetera
1150 4128 1318 4193 monstrnt,

513 4224 593 4294 Quae
610 4224 669 4284 sub
683 4223 756 4285 luce
772 4233 884 4304 patent
898 4234 931 4285 et
945 4223 1014 4285 sine
1029 4223 1101 4284 luce
1116 4221 1225 4294 latent,

426 4326 583 4405 Claraque
598 4319 634 4382 fit
648 4324 751 4384 nubes
766 4335 925 4405 concepto
939 4324 1061 4386 iumine
1075 4321 1164 4397 solis,

513 4425 618 4494 Quum
634 4420 855 4505 dependentes
871 4423 965 4486 flatus
979 4422 1086 4501 abegit
1100 4441 1216 4504 aquus:
