2992 5592
362 805 427 864 ³24
624 813 1056 860 roassrssanrsunnressrs

368 968 575 1045 lanfrancus,
601 978 711 1050 utpote
742 989 845 1029 notus
873 969 1052 1046 Anglorum
1083 967 1207 1042 incola,
1236 969 1333 1050 plene

365 1068 528 1132 historiam
555 1081 696 1129 noverat.
742 1069 827 1129 Nam
853 1078 886 1129 et
911 1065 1083 1150 Elphegus
1109 1089 1169 1150 pro
1198 1067 1332 1130 Christo

363 1191 476 1254 passus
501 1181 559 1233 est.
605 1171 778 1232 Anselmus
805 1182 910 1232 tamen
940 1168 982 1231 ad
1009 1168 1123 1232 audita
1148 1168 1329 1253 respondit

363 1271 546 1355 “Martyr,”
561 1271 678 1354 inquit,
694 1271 852 1334 “ridetur
873 1271 1038 1352 egregium
1070 1272 1126 1353 qui
1151 1272 1237 1333 mori
1260 1291 1327 1332 rna-

363 1372 435 1448 luit,
449 1394 546 1456 quam
561 1371 709 1455 injuriam
726 1373 902 1455 praesertim
918 1372 968 1434 his
983 1393 1066 1456 quos
1082 1373 1164 1435 tueri
1182 1372 1329 1435 debebat

363 1473 512 1555 irrogare.
557 1475 603 1538 Et
626 1470 721 1556 plane
747 1474 802 1557 qui
832 1474 893 1537 hoe
922 1473 1010 1557 quod
1035 1494 1171 1557 parrum
1200 1472 1328 1536 ridetur

364 1587 488 1638 tentum
512 1575 683 1652 exhorruit,
709 1588 886 1638 conventus
911 1577 945 1636 in
969 1575 1175 1638 consessione
1202 1574 1325 1639 Christi

363 1676 549 1741 fidelissime
564 1687 670 1740 staret.
716 1677 801 1739 Nam
826 1677 880 1760 qui
906 1677 1028 1740 devitat
1052 1676 1199 1754 minima,
1214 1677 1326 1758 gravia

363 1778 456 1843 facile
472 1801 536 1841 non
554 1778 701 1842 admittit.
747 1778 800 1841 Sic
817 1800 893 1859 ergo
912 1778 1080 1841 Johannes
1101 1800 1161 1860 pro
1178 1776 1323 1854 veritate,

363 1881 457 1944 sicet
480 1881 648 1963 Elplregus
667 1902 724 1962 pre
744 1880 870 1963 justitia
885 1901 999 1963 passus
1014 1879 1094 1941 mibi
1111 1881 1240 1962 Martyr
1262 1880 1319 1942 ha-

361 1984 454 2047 betur
468 1983 612 2064 insignis.
659 1984 743 2045 Nam
760 1994 890 2066 uterque
906 2004 963 2064 pro
979 1981 1131 2057 Christ0;
1155 1983 1224 2064 qui,
1236 1983 1321 2045 sicut

363 2087 487 2162 veritas,
501 2086 548 2148 ita
567 2083 696 2167 quidem
719 2094 752 2147 et
770 2083 896 2167 justitia
910 2084 985 2145 est”
1032 2082 1206 2166 Aequievit
1231 2082 1318 2144 Lan·

361 2188 508 2260 fruneus;
531 2197 563 2248 et
579 2186 741 2248 historiam
758 2187 822 2268 legi
838 2198 871 2248 et
885 2185 997 2248 festum
1015 2184 1163 2266 martyris
1178 2183 1320 2246 instituit

362 2288 536 2352 solenniter
549 2287 644 2349 annis
659 2288 795 2367 singuiis
811 2286 975 2350 celebrari.

405 2390 575 2452 Anselmus
585 2398 692 2450 autem
708 2410 773 2450 non
786 2388 882 2452 modo
894 2390 1047 2452 ecclesias
1058 2403 1091 2452 et
1102 2390 1175 2452 loca
1186 2410 1319 2453 reuera·

361 2492 438 2556 bilia
452 2490 658 2565 circumibat,
682 2490 739 2552 sed
755 2491 899 2554 civitates
915 2504 947 2554 et
963 2493 1094 2554 castella
1109 2505 1142 2555 et
1155 2492 1319 2554 nobilium

361 2594 485 2671 domos,
499 2593 560 2656 hac
576 2603 609 2654 et
623 2592 697 2656 illac
721 2593 873 2656 invitatus
889 2607 921 2657 et
936 2607 1065 2669 tractus,
1081 2607 1113 2658 et
1128 2615 1224 2656 verus
1239 2615 1319 2676 apo·

360 2699 513 2761 stolorum
528 2694 715 2778 sequipeda,
731 2697 861 2759 verbnm
878 2696 954 2760 fidei
974 2710 1007 2761 et
1028 2698 1140 2760 salutis
1163 2697 1319 2759 omnibus

359 2799 520 2880 erogabat.
567 2795 649 2860 Nam
680 2808 712 2860 et
741 2797 891 2860 omnibus
921 2799 1029 2861 omnia
1055 2798 1159 2862 factus
1188 2811 1251 2874 est,
1282 2811 1319 2861 ut

359 2900 558 2964 lucrifaceret
580 2918 709 2961 ornnes:
740 2897 821 2961 adeo
844 2899 986 2982 quidem,
1011 2911 1047 2963 ut
1068 2901 1163 2963 etiam
1185 2900 1238 2962 bis
1260 2901 1318 2982 qui

360 3001 430 3065 sine
456 3003 527 3082 lege
554 3012 655 3078 erant,
680 3010 766 3064 esset
791 3013 823 3064 et
852 3001 922 3082 ipse
952 3011 1103 3085 tanquam
1135 3002 1205 3064 sine
1231 3002 1315 3082 lege.

360 3105 466 3177 Quum
482 3114 588 3166 tamen
610 3103 698 3165 omni
721 3102 828 3165 studio
844 3102 1064 3166 indesinenter
1080 3117 1258 3166 versaretur
1280 3104 1315 3165 in

359 3207 431 3288 lege
448 3205 586 3281 Christi;
617 3205 703 3268 unde
726 3226 798 3267 eum
823 3205 1029 3287 perhorrebat
1052 3207 1316 3281 nullus,renera-

359 3306 476 3370 bantur
504 3326 626 3379 0mnes,
655 3304 784 3385 plurimi
815 3306 1051 3389 sequebantur;
1089 3307 1194 3368 omnis
1224 3319 1314 3383 aetas,

359 3407 465 3470 omnis
490 3405 658 3488 professio,
685 3405 790 3467 omnis
815 3404 959 3468 conditio
989 3406 1113 3468 utiliter
1141 3405 1313 3470 docentem

358 3505 522 3578 audiebat,
546 3517 577 3567 et
602 3507 759 3568 fatebatur
788 3507 983 3569 Anselmum.
1027 3507 1099 3570 Rex
1128 3507 1235 3584 etiam,
1259 3509 1315 3592 qni

359 3608 483 3686 Anglos
507 3608 685 3684 subegerat,
708 3608 768 3669 etsi
793 3607 919 3670 eunctis
943 3617 1028 3670 esset
1050 3609 1225 3686 formidini,
1247 3623 1316 3676 erat

356 3721 462 3770 tamen
479 3706 627 3768 subditus
643 3709 699 3770 illi.
737 3709 957 3772 Confinnabat
972 3710 1058 3771 enim
1075 3711 1236 3774 Dominus
1251 3733 1317 3776 ser·

357 3828 484 3872 monem
508 3806 577 3890 ejus
600 3811 809 3890 sequentibus
832 3811 940 3892 siguis.
988 3811 1156 3895 Siquidem
1180 3815 1315 3877 curabat

356 3931 473 3994 aegros3
494 3922 526 3972 et
536 3921 646 3970 natura
659 3907 793 3972 cedente
806 3910 947 3975 Creatori
960 3924 1086 3976 constat
1096 3935 1168 3977 enm
1181 3936 1314 3980 curasse

355 4017 528 4099 leprosum.
573 4012 631 4074 Vir
651 4012 769 4074 etenim
793 4014 912 4077 nobilis
931 4015 963 4077 in
981 4015 1124 4078 confinio
1147 4018 1312 4082 blandrim

355 4128 387 4180 et
403 4115 532 4179 Pontici
548 4137 586 4178 ea
601 4115 750 4178 laborans
764 4115 960 4194 infirmitate,
976 4118 1008 4178 in
1026 4117 1146 4180 risione
1167 4121 1312 4184 monitus

355 4230 415 4296 est,
430 4231 466 4281 ut
480 4239 595 4302 aquam
613 4216 744 4294 biberet,
759 4239 824 4301 qua
839 4219 1008 4281 Anselmus
1025 4220 1194 4282 Beclensis
1208 4222 1312 4286 abbas

354 4321 389 4383 in
406 4321 618 4385 celebratione
641 4321 746 4382 missae
769 4341 882 4382 manns
903 4321 1056 4383 abluerat.
1103 4323 1239 4387 Factum
1263 4339 1314 4388 est
1363 4397 1371 4410 ι

353 4421 410 4500 ite,
431 4435 464 4488 et
485 4424 538 4485 illo
561 4423 647 4485 illico
669 4422 829 4485 restitutus
853 4434 909 4484 est.
955 4423 1046 4485 Alius
1068 4422 1108 4486 de
1132 4446 1310 4508 congrega·
