2992 5592
269 810 333 857 ese.
348 792 398 874 v.]
627 805 869 857 nnnsnocrcns.
1170 797 1229 856 135

215 948 220 959 ’
269 958 437 1036 inventori,
452 966 487 1024 et
502 958 610 1046 topica
624 958 734 1024 itidem
752 960 903 1025 conducit
924 960 1106 1048 judicanti:
1135 960 1228 1025 facile

270 1077 372 1129 tamen
388 1061 623 1149 adquieverim,
640 1061 783 1147 singulas
805 1066 837 1129 in
860 1086 918 1128 suo
942 1063 1104 1151 proposito
1125 1061 1227 1128 domi-

267 1165 342 1244 nari,
351 1177 384 1230 et
395 1163 608 1229 accessorium
618 1186 685 1229 esse
695 1163 883 1230 beneficium
896 1164 1094 1230 cohaerentis.
1119 1165 1227 1244 Quum

266 1265 373 1354 itaque
385 1279 452 1331 tam
465 1264 597 1331 evidens
608 1265 650 1331 sit
661 1265 784 1332 utilitas
795 1267 998 1354 Topicorum,
1015 1267 1112 1331 miror
1127 1288 1228 1351 quare

264 1391 337 1434 cum
351 1367 424 1433 aliis
438 1389 459 1430 a
479 1367 656 1454 majoribus
677 1368 801 1434 tamdiu
823 1369 1024 1434 intermissus
1045 1367 1086 1432 sit
1101 1368 1224 1432 Aristo·

266 1470 335 1535 telis
350 1468 442 1550 liber,
459 1481 496 1534 nt
520 1469 660 1546 omnino,
675 1484 731 1535 aut
754 1470 832 1546 fere,
847 1471 880 1536 in
903 1468 1147 1534 desuetudinem
1170 1470 1226 1533 ab·

265 1568 348 1647 ierit,
362 1568 499 1656 quando
514 1581 609 1635 aetate
624 1582 744 1647 nostra,
762 1569 928 1654 diligentis
942 1568 1060 1655 ingenii
1081 1567 1228 1654 pulsante

265 1668 385 1747 studio,
400 1668 496 1756 quasi
518 1692 538 1733 a
559 1681 672 1750 morte,
688 1671 737 1734 vel
758 1693 778 1735 a
799 1692 910 1735 somno
932 1669 1090 1734 excitatus
1112 1681 1171 1744 est,
1189 1684 1225 1734 ut

267 1783 428 1835 revocaret
443 1783 597 1849 errantes,
611 1783 643 1835 et
658 1772 742 1837 viam
760 1771 903 1836 veritatis
918 1770 1138 1857 quaerentibus
1152 1793 1226 1855 ape-

268 1872 353 1937 riret.
400 1872 514 1958 Neque
539 1873 623 1937 enim
649 1895 831 1938 sermonum
855 1885 912 1938 aut
935 1895 1042 1938 rerum
1065 1884 1154 1937 tauta
1175 1884 1225 1938 est

269 1972 449 2050 difficultas,
462 1986 500 2038 ut
516 1972 697 2038 astudiosis
708 1997 771 2038 non
788 1975 889 2060 possit
900 1973 1047 2061 intelligi,
1060 1987 1092 2040 et
1105 1973 1227 2040 utilitas

268 2085 356 2141 tanta
365 2088 428 2150 est,
439 2086 476 2140 ut
487 2097 556 2160 prae
567 2074 691 2139 caeteris
702 2071 851 2160 expediat
864 2075 949 2138 bunc
960 2074 1097 2161 agnosci.
1141 2074 1226 2140 Satis

266 2176 450 2243 eniminter
467 2189 685 2262 caeteraque
709 2178 935 2241 translationis
958 2177 1133 2242 arctissima
1157 2178 1227 2263 lege

266 2302 286 2342 a
300 2278 425 2345 Graecis
440 2291 543 2343 tracta
558 2292 644 2360 sunt,
658 2277 775 2365 planus
789 2291 856 2344 est:
884 2280 930 2344 ita
947 2292 1063 2361 tamen,
1078 2294 1115 2345 ut
1131 2279 1225 2346 facile

268 2382 309 2446 sit
322 2380 463 2446 auctoris
478 2379 528 2444 sui
547 2379 666 2466 stylum
690 2401 871 2465 agnoscere,
887 2393 919 2446 et
942 2385 982 2446 ab
1004 2381 1043 2445 iis
1065 2381 1225 2448 duntaxat

267 2482 405 2549 fideliter
427 2481 638 2567 intelligatur,
654 2482 712 2566 qui
736 2495 917 2568 sequuntur
938 2482 1161 2549 indifferentia·
1177 2506 1226 2547 ra-

268 2584 400 2660 tionem,
423 2586 490 2648 sine
515 2605 582 2669 qua
602 2604 694 2646 nemo
715 2605 857 2668 unquam
882 2606 940 2646 nec
963 2583 1050 2668 apud
1078 2607 1145 2661 nos,
1169 2608 1225 2649 nec

268 2684 356 2771 apud
374 2687 518 2760 Graecos,
534 2684 617 2748 sicut
640 2687 777 2750 Graecus
798 2683 965 2770 interpres,
982 2683 1108 2747 natione
1131 2687 1227 2751 Seue·

268 2788 410 2861 ritanus,
441 2785 547 2851 dicere
575 2797 795 2863 consueverat,
824 2785 1030 2849 Aristotelem
1057 2783 1223 2849 intellexit.

269 2885 354 2952 Sane
364 2885 436 2972 ipso
447 2883 599 2950 librorum
612 2906 756 2963 numero,
765 2884 859 2971 quasi
871 2883 1010 2970 quodam
1024 2883 1226 2969 perfectionis

269 2987 425 3074 auspicio,
440 2985 611 3052 utilitatem
628 2985 734 3073 operis
753 2986 1000 3061 commendavit,
1018 2997 1048 3048 et
1070 2984 1225 3063 omnium,

270 3109 345 3174 qum
359 3090 395 3153 in
411 3086 524 3152 multis
539 3085 757 3151 voluminibus
772 3085 919 3150 dilatavit
934 3085 1122 3169 antiquitas,
1134 3086 1227 3170 quasi

270 3201 442 3254 sementem
458 3185 556 3252 dedit.
603 3185 738 3271 Singula
754 3186 851 3250 verba
866 3185 947 3271 ejus,
964 3195 1029 3247 tam
1045 3182 1077 3245 in
1097 3183 1227 3269 regulis,

268 3311 366 3376 quam
381 3289 416 3354 in
431 3288 598 3374 exemplis,
610 3311 673 3353 non
690 3286 786 3350 modo
800 3284 841 3349 ad
857 3283 1076 3368 Dialecticam,
1091 3284 1145 3349 sed
1162 3287 1227 3352 fere

270 3390 311 3456 ad
324 3413 436 3456 omnes
450 3389 622 3476 proficiunt
647 3387 841 3473 disciplinas.
887 3388 970 3451 Octo
990 3386 1120 3473 quidem
1137 3387 1227 3453 volu·

271 3493 412 3559 minibus
435 3491 609 3571 clauditur,
632 3491 781 3576 fiuntque
805 3510 929 3575 semper
959 3489 1130 3554 novissima
1157 3488 1227 3574 ejus

272 3594 397 3680 potiora
418 3593 590 3682 prioribus.
634 3592 763 3658 Primus
786 3604 914 3667 autem3
947 3591 1039 3678 quasi
1064 3593 1227 3659 materiam

272 3696 416 3784 praejacit
431 3695 572 3761 omnium
593 3694 802 3779 reliquorum,
816 3708 847 3758 et
870 3694 969 3759 totius
986 3694 1118 3780 Logicm
1138 3716 1226 3782 quae·

272 3798 345 3863 dam
362 3795 531 3863 constituit
553 3794 783 3860 fundamenta:
815 3795 908 3860 docet
923 3795 1007 3860 enim
1027 3797 1106 3880 quid
1130 3797 1227 3883 syllo-

271 3899 406 3985 gismus,
420 3897 499 3985 quid
524 3909 557 3962 et
579 3919 619 3961 ex
643 3895 763 3982 quibus
786 3895 1024 3975 demonstratio,
1045 3916 1119 3983 quae
1140 3899 1229 3986 prin·

273 4002 357 4089 cipis
370 4001 503 4080 artium,
516 4012 548 4065 et
563 3998 649 4077 fidei,
665 4020 738 4084 quae
761 3999 803 4064 ab
825 3999 950 4065 artibus
964 4011 1024 4078 est,
1039 4000 1113 4085 quis
1135 4000 1230 4086 syllo-

272 4104 396 4191 gismus
425 4101 621 4177 dialecticus,
647 4099 720 4187 quis
748 4100 920 4188 litigiosus,
946 4099 1026 4186 quid
1051 4100 1228 4185 probabile,

273 4207 361 4293 quod
377 4203 583 4292 paralogista,
599 4202 853 4290 falsigraphusve
868 4226 930 4270 non
947 4201 1103 4286 sequitur.
1143 4203 1227 4266 Item

273 4307 351 4392 quid
366 4301 556 4393 propositio,
568 4301 645 4386 quid
661 4300 836 4388 problema.
875 4300 918 4365 Et
933 4297 1086 4384 quoniam
1098 4297 1139 4361 ad
1155 4322 1228 4384 pro.

273 4410 449 4477 blematum
474 4405 709 4480 discussionem,
726 4403 1012 4490 probationemque
1033 4397 1225 4483 positionum
