2992 5592
277 836 364 883 sacr.
384 819 442 899 un]
577 836 619 880 nn
636 836 766 882 surram
784 837 951 882 sarranis.
1160 825 1223 884 217

273 990 410 1054 absentis
431 1003 463 1054 et
486 989 575 1063 visae,
598 1011 672 1075 quae
694 1011 732 1052 ex
755 988 898 1053 sensibus
912 990 1025 1069 oritur,
1047 1007 1132 1056 etex
1149 994 1222 1059 visu

273 1090 442 1176 praecipue.
488 1092 606 1155 Sensus
618 1113 691 1175 quae
703 1090 1012 1176 suntdeprehendit3
1037 1093 1222 1179 imaginatio

273 1214 347 1256 vero
361 1215 435 1278 quoe
450 1205 525 1255 sunt
541 1205 572 1255 et
588 1214 662 1276 quae
677 1213 740 1255 non
757 1207 831 1257 sunt
847 1193 992 1279 percipit.
1038 1199 1222 1263 Necessaria

270 1306 317 1357 est
329 1292 517 1379 imaginatio
527 1292 658 1367 bomini,
671 1315 710 1355 ne
722 1315 787 1356 rem
800 1294 906 1359 tradat
917 1295 1077 1360 oblivioni.
1104 1300 1223 1384 Opinio

268 1418 342 1460 vero
357 1394 553 1482 quandoque
569 1417 608 1457 ex
621 1417 728 1473 sensu,
739 1395 933 1482 quaudoque
944 1419 983 1460 ex
995 1397 1221 1483 imaginatione

267 1497 382 1564 oritur.
428 1499 535 1575 Quum
566 1496 648 1559 enim
679 1497 785 1559 anima
814 1498 901 1562 visus
930 1499 1141 1566 instrumento
1170 1506 1221 1569 vel

267 1597 493 1684 imaginatione
506 1609 627 1672 utatur,
643 1609 673 1659 et
686 1610 780 1681 putet
790 1619 854 1659 rem
870 1611 901 1661 et
913 1597 1013 1675 aliud,
1023 1614 1054 1663 et
1070 1598 1172 1678 aliter,
1188 1618 1221 1669 et

267 1700 330 1765 alio
345 1700 440 1764 modo
454 1722 523 1763 esse
538 1722 634 1785 quam
658 1699 710 1780 sit,
730 1700 798 1762 liaec
813 1700 922 1784 opinio
936 1702 1016 1766 falsa
1030 1703 1169 1778 dicitur;
1194 1710 1220 1770 si

267 1799 405 1867 fluctuat
435 1814 466 1865 et
497 1802 607 1880 nescit,
636 1823 675 1864 an
705 1801 746 1864 sit
776 1801 822 1865 ita
843 1824 950 1883 necne,
973 1826 1083 1868 verum
1115 1820 1218 1873 tamen

267 1903 448 1988 explorans,
465 1926 538 1967 vera
552 1904 660 1989 opinio
680 1903 808 1967 dicitur.
855 1903 932 1968 ldeo
952 1907 996 1969 sic
1016 1906 1218 1976 describitur.

266 2007 384 2090 Opinio
405 2020 452 2070 est
469 2005 517 2070 vel
540 2004 580 2069 de
604 2007 699 2071 rebus
721 2006 836 2071 falsum
859 2008 974 2070 animae
990 2009 1149 2094 judicium
1169 2014 1218 2077 vel

269 2131 391 2184 verum,
408 2108 609 2174 fluctuanset
621 2112 788 2173 incertum.
827 2110 924 2175 Ratio
939 2133 979 2174 ex
991 2135 1064 2175 vera
1072 2113 1220 2197 opinione

269 2212 411 2276 nascitur
425 2211 521 2275 hocce
530 2210 642 2275 modo:
668 2232 767 2296 quum
784 2233 891 2275 verum
902 2212 1058 2277 incertum
1071 2212 1218 2294 fluctuat,

269 2324 301 2377 et
314 2328 426 2400 postea
440 2313 690 2378 discussionibus
705 2316 922 2388 confirmatur,
946 2315 982 2379 fit
999 2314 1101 2388 ratio;
1125 2331 1157 2382 et
1172 2332 1219 2382 est

269 2416 511 2480 ratiodiscretus
521 2416 616 2479 animi
626 2416 865 2503 intuitus,quod
879 2440 989 2482 verum
999 2431 1084 2483 estet
1096 2434 1218 2484 certum

269 2516 740 2582 alalsoetincertodiscernens.
766 2516 951 2581 Intellectus
962 2540 1037 2580 vero
1048 2542 1087 2582 ex
1100 2519 1219 2584 ratione

269 2619 371 2682 oritur
393 2617 452 2681 hoc
468 2617 582 2683 modo:
607 2618 689 2681 ratio
708 2640 846 2702 namque
867 2617 985 2680 formas
1008 2622 1149 2684 materiae
1163 2621 1219 2683 ad·

271 2721 386 2784 mixtas
408 2719 660 2805 comprehendit,
683 2733 714 2784 et
737 2718 808 2781 ideo
831 2740 935 2781 rerum
962 2719 1125 2783 veritatem
1156 2744 1218 2785 aon

270 2822 416 2908 percipit,
447 2821 500 2885 sed
528 2821 676 2885 discernit
702 2835 734 2885 et
757 2821 913 2905 inquirit;
938 2833 970 2883 et
998 2844 1099 2906 quum
1125 2821 1219 2907 longo

268 2923 399 2988 rationis
411 2922 517 2987 labore
526 2937 557 2988 et
571 2946 684 3007 magna
693 2922 1033 2987 industriasormarum
1049 2923 1163 2987 veritas
1172 2925 1219 2987 in·

268 3025 424 3111 quiritur:
447 3024 522 3088 inde
543 3025 755 3109 intelligentia
777 3024 926 3102 nascitur,
949 3047 1023 3109 quie
1045 3024 1177 3088 formam
1201 3050 1220 3091 a

268 3129 399 3193 materia
419 3128 585 3208 abstrahit,
601 3141 632 3191 et
655 3128 721 3191 sine
735 3129 821 3190 omni
839 3127 976 3212 partium
992 3127 1219 3211 compositione

267 3232 428 3316 intelligit.
475 3232 576 3297 Ideo.
594 3283 601 3297 .
619 3282 626 3297 .
645 3282 651 3294 .
669 3231 794 3294 siccam
812 3228 977 3293 describit:
1005 3229 1219 3314 Intelligentia

267 3335 366 3399 solius
390 3334 450 3399 Dei
473 3353 535 3410 est,
559 3348 591 3398 et
613 3333 675 3397 alia
698 3346 815 3418 praeter
839 3332 906 3395 boc.
963 3332 1148 3398 Intellectus
1171 3350 1218 3400 est

268 3436 383 3500 mentis
405 3436 463 3513 vis,
485 3436 633 3521 opinione
659 3435 811 3509 excitata,
833 3437 1017 3521 incorporea
1043 3437 1126 3500 circa
1151 3461 1219 3502 cor-

268 3557 344 3621 pora
377 3537 668 3622 comprehendens;
715 3534 941 3621 Intelligentia,
978 3538 1018 3601 ab
1055 3537 1217 3604 intellectu

267 3639 451 3724 procedens
467 3654 514 3704 est
533 3663 642 3705 verum
664 3653 695 3704 et
717 3653 838 3703 certum
860 3638 900 3702 de
921 3638 1114 3725 incorporeis
1131 3642 1219 3727 judi-

266 3739 358 3803 cium.
420 3741 579 3803 Memoria
611 3741 769 3826 sequitur,
800 3762 875 3825 quae
909 3763 948 3802 ex
982 3740 1219 3825 imaginatione,

266 3839 384 3920 studio,
401 3856 433 3904 et
456 3865 514 3905 usu
538 3842 687 3906 nascitur.
736 3841 937 3925 lmaginatio,
959 3864 1065 3906 rerum
1087 3843 1219 3907 oblivio-

266 3963 336 4006 nem
352 3943 442 4027 t‘ngat
458 3957 490 4007 ct
506 3944 687 4007 memoriam
706 3958 851 4030 reparat;
869 3945 1011 4009 studium
1030 3968 1085 4029 per
1100 3944 1217 4030 ingenii

265 4045 450 4109 exercitium
474 4048 655 4109 memoriam
677 4045 804 4110 excitat.
851 4047 949 4121 Usus,
966 4046 1072 4108 omnia
1086 4059 1117 4110 et
1138 4069 1219 4109 nova

266 4159 297 4208 et
321 4160 428 4210 vetera
457 4148 590 4210 firmiter
621 4159 783 4212 memorat.
840 4149 885 4212 Et
915 4160 962 4213 est
993 4148 1143 4210 memoria
1172 4146 1219 4210 vis

266 4251 388 4328 animae,
404 4272 468 4335 qua
488 4249 576 4335 prius
590 4249 718 4331 cognita
733 4249 866 4312 firmiter
881 4249 1006 4311 retinet.
1053 4247 1104 4309 Sic
1117 4248 1219 4331 igitur

265 4351 335 4413 istis
358 4350 559 4425 virtualibus,
581 4363 700 4435 septem
724 4348 904 4414 actionibus
931 4348 970 4411 ad
999 4347 1112 4409 animae
1138 4351 1220 4412 noti-

267 4452 342 4514 tiam
370 4474 441 4514 cum
471 4450 680 4535 intelligentia
709 4453 879 4515 ascendere
906 4469 1082 4534 possumus.
1144 4450 1219 4516 lstm
