2992 5592
407 811 446 869 le
671 825 809 869 sonnnrs
825 824 1102 871 sannsnnaransm
1238 806 1321 888 [mn.
1336 827 1356 872 1.

408 974 534 1039 videtur
560 997 627 1038 esse
656 976 905 1040 accommodum.
950 978 1058 1054 Quum
1087 998 1161 1039 vero
1190 976 1356 1042 beatitudo

407 1075 638 1141 communionis
651 1076 774 1159 ignara,
787 1100 861 1162 quae
876 1090 931 1141 aut
948 1079 1053 1164 qualis
1067 1090 1160 1141 extra
1174 1082 1356 1144 societatem

407 1181 460 1254 sit,
476 1201 533 1242 nec
548 1177 625 1261 fingi
640 1177 769 1261 quidem
788 1180 907 1262 possit;
935 1179 1082 1265 quisquis
1096 1202 1144 1254 ea,
1161 1203 1237 1265 quse
1252 1180 1358 1266 adjus

407 1281 553 1345 humanae
565 1281 734 1358 societatis,
745 1285 831 1366 (quse
843 1281 1077 1366 quodammodo
1087 1280 1226 1346 filiorum
1240 1297 1360 1346 natura

361 1373 369 1386 ’
407 1382 500 1446 unica
521 1396 553 1445 et
580 1378 749 1464 singularis
774 1381 956 1445 fraternitas
977 1387 1049 1462 est,)
1072 1382 1306 1445 conciliandum
1329 1397 1359 1446 et

405 1480 577 1544 fovendum
610 1479 795 1562 proficiunt,
824 1481 1003 1566 impugnat,
1034 1484 1115 1545 viam
1146 1482 1358 1565 adipiscendae

405 1581 570 1646 felicitatis
594 1581 744 1644 omnibus
771 1581 900 1646 videtur
924 1583 1108 1647 obstruere:
1145 1596 1177 1647 et
1203 1585 1357 1670 praecluso

405 1683 493 1769 pacis
514 1683 617 1760 aditu,
640 1693 676 1746 ut
697 1683 729 1746 in
754 1705 786 1745 se
805 1697 994 1748 concurrant
1015 1685 1057 1748 ad
1077 1685 1243 1749 interitum
1264 1685 1358 1762 orbis,

406 1805 529 1852 naturae
551 1784 669 1848 viscera
689 1784 831 1847 incitare,
878 1785 951 1847 Hoc
976 1784 1106 1870 quidem
1133 1800 1181 1849 est
1207 1791 1358 1850 seminare

405 1889 487 1952 inter
501 1889 615 1951 fratres
634 1885 837 1962 discordiam,
852 1884 911 1948 hoc
930 1907 1019 1949 arma
1038 1888 1217 1951 ministrare
1232 1910 1358 1971 compo

406 1988 494 2060 sitis;
522 1988 582 2048 hoc
596 1984 735 2070 denique
754 1985 879 2048 firmare
898 2008 1015 2049 novum
1037 2002 1068 2052 et
1092 2010 1244 2070 magnum
1267 1989 1359 2051 cbaos

406 2089 488 2152 inter
510 2091 614 2152 Deum
631 2096 663 2150 et
683 2086 842 2149 homines:
875 2086 918 2150 sic
933 2089 1015 2151 enirn
1032 2088 1071 2151 ad
1089 2089 1238 2152 firmioris
1258 2112 1358 2154 nexus

406 2210 600 2271 compagem,
613 2197 645 2250 et
659 2187 800 2251 caritatis
812 2185 1000 2265 custodiam,
1013 2189 1229 2253 universitatis
1241 2203 1359 2273 partes,

405 2290 543 2352 creatrix
565 2288 715 2364 Trinitas,
738 2292 828 2353 Deus
848 2311 932 2351 unus
952 2302 982 2352 et
1005 2312 1110 2362 verus,
1131 2287 1305 2367 ordinavit,
1325 2302 1359 2353 ut

406 2390 537 2454 alterius
558 2412 619 2474 ope
641 2412 690 2452 res
711 2389 811 2453 altera
833 2389 1000 2472 indigeret,
1021 2402 1053 2453 et
1076 2390 1176 2454 altera
1198 2388 1357 2453 defectum

405 2490 566 2577 suppleret
579 2490 727 2568 alterius3
749 2491 826 2556 dum
841 2505 914 2555 sunt
925 2491 1050 2576 singula
1059 2490 1150 2577 quasi
1162 2489 1359 2574 singulorum

405 2595 557 2658 membra.
603 2593 783 2679 Semiplena
799 2607 872 2656 sunt
889 2615 966 2678 ergo
985 2593 1102 2668 omnia,
1118 2592 1145 2656 si
1162 2592 1204 2655 ab
1225 2592 1358 2655 invicem

405 2695 640 2767 dissolvantur;
686 2694 740 2757 sed
779 2692 914 2756 aliorum
954 2693 1161 2755 foederatione
1200 2692 1358 2776 perfecta:

405 2797 556 2883 quoniam
579 2795 685 2860 omnia
710 2795 831 2859 mutuis
852 2807 998 2859 constant
1020 2794 1157 2858 auxiliis.
1205 2795 1291 2870 Quid
1320 2795 1358 2857 od

404 2898 634 2963 beatitudinem
649 2897 854 2962 obtinendam
868 2896 985 2960 virtute
1001 2894 1137 2971 fidelius,
1150 2910 1207 2960 aut
1225 2897 1358 2960 utilius?

406 2999 491 3076 Quid
507 2998 784 3083 compendiosius?
816 2998 883 3061 haec
898 3011 946 3060 est
961 2997 1044 3059 enim
1061 2996 1127 3059 fere
1144 2997 1315 3081 singularis
1329 3011 1358 3062 et

405 3101 498 3166 unica
519 3103 580 3181 via,
596 3123 692 3187 quam
714 3099 754 3163 ad
778 3099 1006 3163 beatitudinem
1029 3101 1133 3184 gratia
1155 3102 1357 3186 praeparavit.

404 3207 487 3269 Nam
511 3206 568 3291 qui
591 3206 670 3268 citra
687 3203 815 3268 virtutis
830 3203 978 3267 meritum
1000 3201 1083 3265 beati
1103 3201 1198 3276 liunt,
1214 3223 1278 3265 non
1296 3218 1356 3268 tam

403 3306 910 3390 eundoillucperveniunt,quam
923 3303 1105 3369 trahuntur.
1136 3304 1242 3368 Miror
1253 3305 1358 3391 itaque

404 3412 480 3486 (non
504 3419 608 3468 tamen
631 3406 717 3480 satis,
737 3405 815 3489 quia
837 3427 898 3466 nou
922 3409 1077 3489 possum,)
1097 3401 1176 3488 quid
1198 3404 1259 3467 sibi
1281 3404 1358 3484 vult,

403 3507 460 3591 qui
472 3507 662 3589 eloquentia
675 3519 768 3589 negat
781 3529 847 3567 esse
859 3505 1052 3569 studendum
1064 3531 1073 3577 3
1098 3509 1265 3590 ipsamque
1277 3507 1356 3569 sicut

404 3605 504 3667 visum
531 3626 593 3666 non
617 3624 714 3682 coeco,
736 3604 882 3668 auditum
907 3626 967 3666 non
995 3604 1104 3680 surdo,
1127 3606 1238 3669 asserit
1259 3606 1357 3690 gratis

403 3729 423 3769 a
438 3718 552 3768 natura
567 3707 729 3790 pervenire
745 3706 785 3781 ei,
798 3707 852 3790 qui
865 3720 974 3769 mutus
986 3728 1047 3768 non
1060 3718 1125 3768 est:
1150 3705 1204 3768 sed
1222 3705 1355 3791 plenius,

404 3807 430 3869 si
446 3821 569 3871 naturae
582 3828 708 3883 munus,
720 3806 871 3869 exercitio
886 3807 1064 3884 roboretur,
1076 3829 1132 3868 nec
1148 3819 1253 3870 tamen
1266 3808 1357 3871 bene·

404 3908 512 3973 ficium
529 3908 660 3994 aliquod
675 3910 716 3973 ab
731 3923 799 3973 arte
815 3908 978 3995 potestati:
1003 3919 1060 3971 aut
1082 3905 1114 3969 id
1130 3909 1247 3987 minus,
1261 3931 1355 3995 quam

402 4007 493 4073 labor
521 4011 599 4075 artis
624 4023 785 4097 exposcat.
841 4010 931 4076 Sicut
961 3998 1044 4072 enim
1074 4009 1270 4095 eloquentia,
1296 4033 1356 4075 non

403 4114 493 4177 modo
515 4117 684 4176 temerario
707 4124 764 4185 est,
781 4111 834 4174 sed
854 4111 947 4175 etiam
964 4134 1056 4190 caeca,
1071 4133 1168 4195 quam
1192 4115 1274 4177 ratio
1297 4133 1358 4175 non

403 4213 563 4285 illustrat;
588 4213 632 4275 sic
647 4227 679 4274 et
695 4212 859 4297 sapientia,
870 4234 944 4295 quae
961 4234 1021 4274 usu
1038 4212 1126 4275 verbi
1142 4234 1206 4274 non
1222 4213 1358 4299 proficit,

403 4337 465 4378 non
482 4316 579 4378 modo
594 4314 706 4377 debilis
721 4325 781 4388 est,
795 4313 848 4375 sed
865 4313 1004 4396 quodam
1022 4314 1117 4377 modo
1130 4337 1260 4378 manca:
1285 4315 1355 4378 licet

404 4415 486 4478 enim
504 4414 697 4498 quandoque
710 4414 909 4500 aliquatenus
926 4415 985 4478 sibi
999 4416 1147 4501 prodesse
1159 4417 1260 4500 possit
1277 4415 1359 4501 sapi-
