2992 5592
403 795 467 854 260
660 808 798 855 ioannis
813 810 1094 858 sanassamns'srs

405 962 503 1026 Mens
514 973 654 1027 versatur
663 964 695 1026 in
707 964 759 1027 his
770 975 804 1026 et
813 963 939 1046 singula
950 978 1067 1048 pensat
1075 964 1118 1029 ad
1129 985 1285 1046 unguem,
1295 970 1360 1030 665

491 1065 539 1128 Ut
552 1086 654 1129 rerum
669 1067 752 1129 vires
768 1078 866 1130 cauta
880 1065 987 1130 ridere
1004 1082 1110 1151 queat,

404 1166 510 1238 Quam
526 1189 566 1229 ne
581 1166 726 1230 delusam
742 1167 868 1230 virtutis
882 1163 1022 1250 imagine
1038 1169 1118 1230 salsa

492 1269 532 1331 In
549 1270 632 1332 mala
645 1269 843 1353 praecipitem
859 1270 991 1333 nubilus
1006 1291 1092 1333 error
1105 1283 1189 1351 agat,

402 1370 448 1434 Et
462 1391 503 1432 ne
518 1392 577 1453 pro
593 1371 689 1433 rebus
705 1383 814 1435 teneat
829 1372 1055 1453 phantasmata
1068 1392 1185 1444 rerum,

491 1472 645 1536 Notitiam
662 1473 727 1536 reri
742 1484 830 1537 secta
844 1473 950 1537 fidelis
965 1485 1060 1538 amat.
1294 1476 1360 1535 675

458 1574 553 1647 Quod
572 1576 691 1638 notitia
712 1576 780 1638 seri
800 1596 962 1638 summum
983 1576 1102 1639 bonum
1123 1573 1302 1638 mundum

777 1675 989 1740 Aristotelm

404 1777 488 1841 Esse
504 1778 623 1840 bonum
640 1798 799 1840 summum
814 1799 918 1841 rerum
934 1798 1129 1860 cognoscere
1145 1798 1270 1853 causas,

490 1880 610 1957 Credit,
625 1879 715 1963 quod
730 1879 851 1952 docuit,
868 1902 1003 1960 magnus
1019 1881 1217 1943 Aristoteles.

401 1980 534 2046 Labitur
550 2003 568 2045 e
584 1981 681 2057 sacili,
696 1982 823 2064 speeies
838 2001 933 2065 quem
951 1981 1033 2045 fallit
1047 1981 1164 2060 inanis,

489 2086 560 2147 Nec
576 2084 702 2166 species
716 2083 855 2167 aliquem
871 2084 980 2147 tallere
995 2105 1070 2147 vera
1086 2095 1200 2167 potest

400 2186 617 2250 confirmatur
631 2186 716 2247 enirn
733 2205 807 2246 vero
822 2205 873 2247 res
889 2205 972 2261 vera,
985 2185 1082 2247 beato
1289 2189 1356 2247 675

483 2289 550 2351 Res
564 2288 659 2363 bona,
675 2300 831 2371 perpetuo
847 2309 896 2351 res
911 2286 1060 2350 habitura
1073 2299 1202 2364 statum,

398 2391 556 2475 Falsaque
571 2410 621 2452 res
636 2389 727 2465 fallit,
744 2390 871 2472 perimit
885 2388 1036 2474 peritura,
1052 2389 1236 2473 cadensque

485 2491 657 2575 opprimit,
671 2491 787 2554 infelix
803 2492 949 2576 quisquis
964 2490 1105 2555 adhaeret
1119 2492 1159 2554 ei.

550 2594 632 2667 Quis
634 2594 777 2676 fruetus
790 2603 882 2658 seete
898 2594 1199 2676 Peripateticorum.

396 2695 626 2780 contemptum
641 2694 754 2758 mundi
768 2697 853 2778 parit
868 2697 938 2760 brec
953 2696 1132 2779 speculatio
1146 2716 1263 2770 rerum,

482 2799 563 2872 Quae
579 2819 657 2861 casu
673 2799 803 2881 proprio
818 2809 938 2861 cuncta
951 2798 1055 2882 perire
1069 2798 1216 2881 probant.
1285 2799 1352 2860 686

549 2899 602 2962 De
615 2905 799 2980 oontemptu
814 2899 929 2962 mundi
943 2900 1100 2983 etsruetu
1113 2899 1191 2978 ejus.

396 3002 611 3086 Contemptus
625 3001 739 3065 mundi
753 3022 846 3063 verus
862 3002 912 3064 via
927 3002 1031 3086 prima
1045 3002 1166 3078 salutis,

483 3104 580 3168 Fallit
594 3104 679 3167 enirn
695 3102 835 3166 mundus
850 3103 1096 3188 praeoipitatque
1111 3124 1195 3166 suos.

395 3206 479 3269 Nam
496 3205 676 3269 mundanus
692 3226 781 3269 amor
794 3215 940 3268 excaecat
954 3207 1075 3269 lumina
1091 3205 1216 3268 mentis.

482 3309 529 3371 Ut
543 3307 639 3370 cadat
652 3308 687 3370 in
703 3308 848 3369 miseram
865 3327 953 3370 oaeea
967 3309 1096 3391 sequela
1110 3327 1235 3369 necem.

465 3406 563 3469 Amor
585 3407 777 3469 mundanus
797 3409 986 3469 eontrarius
1006 3412 1054 3469 est
1074 3408 1178 3468 amori
1199 3403 1276 3468 Dei.

395 3503 512 3570 Nullus
527 3529 633 3571 amare
649 3509 756 3571 Deum
769 3507 989 3590 mundumque
1004 3518 1121 3590 potest,
1130 3507 1207 3590 quia
1221 3526 1350 3588 semper

480 3609 585 3672 Unius
600 3607 739 3673 adventu
755 3610 884 3693 pellitur
897 3609 976 3671 alter
990 3629 1086 3671 amor.

394 3707 511 3771 Nullus
526 3721 702 3773 amatorum
719 3709 830 3774 mundi
845 3730 964 3773 nomen
978 3709 1131 3793 sapientis

480 3807 639 3886 Possidet,
653 3813 823 3895 oppositus
837 3824 886 3874 est
898 3832 988 3873 amor
1001 3811 1060 3873 iste
1077 3810 1158 3872 Deo.

392 3909 458 3981 Qui
473 3908 628 3973 mundum
644 3913 775 3994 spemit,
790 3914 836 3976 illi
852 3911 1032 3976 dominatur
1045 3922 1077 3973 et
1090 3910 1190 3972 hostis

481 4012 637 4075 Debilitat
652 4013 735 4077 vires
750 4026 782 4078 et
797 4012 881 4098 pede
896 4014 981 4078 colla
995 4011 1117 4095 premit.
1280 4019 1348 4077 690

391 4114 487 4198 Spes,
502 4114 604 4191 dolor,
619 4114 676 4193 ira,
692 4128 797 4180 metus
813 4129 845 4179 et
861 4116 1018 4179 bonorum
1034 4134 1122 4178 ceca
1136 4114 1269 4198 cupido,

478 4215 616 4293 Gaudia,
631 4215 759 4294 damna,
774 4217 899 4280 lucrum
914 4225 989 4279 sunt
1004 4216 1089 4278 velut
1102 4237 1179 4279 aura
1192 4216 1285 4278 levis.

391 4319 538 4383 Mundus
552 4338 731 4400 pressuram
746 4318 869 4392 tribuit,
884 4317 1043 4401 sapientia
1057 4338 1182 4400 paoem,

479 4422 523 4483 Et
539 4420 622 4482 mala
637 4432 753 4481 cuneta
768 4419 856 4499 sugat
870 4435 902 4481 et
916 4420 1002 4482 bona
1016 4440 1151 4502 quasque
1168 4420 1263 4483 soret.
