2992 5592
293 808 353 866 132
547 819 683 864 Joaxnrs
699 819 977 864 saussuamansrs
1097 807 1178 881 [ms.
1197 820 1245 863 111.

294 993 377 1036 mam
393 969 559 1054 colligunt,
576 983 608 1034 et
624 969 731 1034 verbis
746 969 893 1033 facilibus
909 969 1050 1033 tradunt.
1098 969 1246 1034 Vestiunt

294 1073 376 1137 entim
402 1094 512 1136 seusus
537 1085 704 1135 auctorum
729 1069 821 1157 quasi
846 1070 935 1134 cultu
964 1070 1165 1157 quotidiano,
1188 1071 1244 1158 qui

294 1172 531 1258 quodammodo
543 1173 684 1238 festivior
695 1186 755 1248 est,
767 1195 869 1257 quum
879 1173 1078 1258 antiquitatis
1088 1173 1247 1258 gravitate

295 1275 412 1340 clarius
440 1272 624 1359 insignitur.
681 1277 763 1339 Sunt
794 1297 870 1360 ergo
900 1275 1083 1340 memoriter
1112 1274 1248 1339 tenenda

295 1378 394 1441 verba
404 1388 584 1453 auctorum,
598 1377 652 1441 sed
669 1401 706 1440 ea
721 1377 857 1441 maxime
870 1401 944 1464 quae
958 1378 1068 1462 plenas
1079 1379 1248 1443 sententias

296 1478 438 1564 explent,
461 1493 492 1541 et
518 1501 591 1564 quae
613 1478 779 1542 commode
801 1494 934 1563 possunt
957 1478 998 1541 ad
1021 1477 1125 1543 multa
1149 1493 1248 1543 trans·

297 1581 390 1644 ferri:
422 1601 494 1643 nam
521 1580 639 1643 ethaeo
662 1578 876 1662 integritatem
897 1578 1036 1642 scientiae
1056 1594 1196 1655 servant,
1218 1587 1248 1642 et

297 1696 415 1769 praeter
444 1682 504 1745 hoc
533 1705 553 1745 a
582 1681 692 1766 seipsis
722 1694 785 1746 tam
814 1681 954 1758 latentis,
984 1703 1079 1765 quam
1110 1681 1247 1766 patentis

299 1785 437 1868 energiae
464 1782 582 1848 habent
609 1781 795 1868 plurimum.
845 1784 927 1846 Sunt
951 1796 1058 1846 autem
1085 1781 1247 1867 pleraque,

299 1909 373 1972 quae
388 1887 412 1949 si
428 1909 448 1948 a
462 1885 529 1948 suis
543 1884 662 1948 avellas
677 1884 818 1959 sedibus,
832 1899 888 1948 aut
904 1883 995 1964 nihil,
1008 1897 1066 1948 aut
1082 1885 1247 1948 minimum

297 1988 425 2071 sapiunt
451 1985 612 2059 auditori;
648 1985 755 2071 qualia
778 1986 843 2049 iere
868 2001 943 2050 sunt
969 1986 1073 2050 omnia
1099 1984 1248 2070 Analyti-

297 2108 405 2151 corum
427 2086 584 2173 exempla,
611 2087 666 2150 ubi
689 2087 792 2152 literae
815 2102 981 2172 ponuntur
1005 2109 1063 2173 pro
1083 2087 1244 2151 terminis:

298 2212 372 2273 quae
387 2189 469 2253 sicut
489 2189 530 2254 ad
552 2188 728 2252 doctrinam
752 2190 924 2275 proliciunt
945 2190 990 2255 sie
1011 2201 1155 2263 tractata,
1171 2187 1248 2251 alias

299 2290 426 2355 inutilia
440 2302 526 2354 sunt.
571 2289 708 2375 Regula)
724 2312 853 2376 quoque
873 2292 963 2375 ipsae,
979 2291 1060 2355 sicut
1072 2289 1247 2377 plurimum

298 2392 416 2475 vigoris
430 2391 548 2456 habent
563 2415 583 2455 a
597 2392 732 2456 veritate
752 2392 925 2457 doctrinae:
950 2392 995 2456 sic
1010 2394 1043 2457 in
1058 2389 1248 2455 commercio

299 2494 388 2559 verbi
412 2492 576 2557 minimum
604 2507 757 2580 possunt:
785 2517 857 2558 nam
879 2494 966 2580 quod
985 2492 1106 2558 dicitur
1127 2493 1159 2558 in
1183 2505 1249 2557 toto

298 2619 366 2661 esse
376 2595 510 2660 alterum
523 2595 624 2674 alteri,
634 2595 682 2659 vel
698 2597 729 2659 in
747 2610 815 2660 toto
828 2619 978 2671 nonense,
990 2607 1021 2659 et
1033 2595 1249 2658 universaliter

297 2699 423 2785 aliquid
442 2699 481 2761 de
501 2699 606 2784 aliquo
623 2699 812 2783 predicari,
832 2699 881 2761 vel
901 2697 942 2761 ab
963 2699 1070 2783 aliquo
1092 2696 1249 2771 resecasti,

299 2802 382 2865 idem
399 2815 456 2866 est.
501 2803 666 2886 Frequens
682 2814 787 2865 tamen
804 2823 881 2864 usus
895 2812 942 2864 est
957 2800 1090 2863 alterius
1106 2797 1206 2874 verbi,
1216 2808 1248 2860 et

298 2904 429 2968 alterius
452 2903 517 2967 sere
541 2901 718 2966 intercidit:
757 2902 816 2965 nisi
847 2916 1005 2986 quatenus
1033 2924 1075 2966 ex
1104 2898 1249 2963 condicto

298 3005 460 3070 interdum
482 3003 675 3069 admittitur.
723 3003 802 3066 Fuit
829 3003 963 3066 sortasse
989 3013 1134 3088 tempore
1160 3000 1249 3064 Aris-

299 3105 405 3169 totelis
420 3104 589 3190 utriusque
609 3125 686 3166 usus
705 3101 870 3179 celebrior,
886 3101 940 3166 sed
958 3125 1045 3166 nunc
1068 3124 1136 3188 proe
1151 3103 1250 3165 altero

299 3206 385 3290 viget
393 3208 541 3283 alterum,
552 3205 700 3291 quoniam
714 3203 760 3267 ita
770 3203 840 3268 vult
853 3226 939 3267 usus.
964 3205 1016 3267 Sic
1027 3219 1059 3267 et
1070 3203 1102 3266 in
1112 3201 1248 3289 eoquod

298 3307 417 3372 dicitur
431 3310 600 3392 contiqenn
618 3306 820 3392 aliquatenus
839 3305 1026 3391 derogatum
1043 3319 1091 3370 est
1105 3306 1147 3385 ei,
1161 3305 1259 3392 quod.

298 3405 385 3490 apud
401 3406 601 3470 Aristotelem
623 3407 798 3472 obtinebat.
842 3407 919 3470 dam
939 3407 1023 3470 enim
1044 3428 1247 3492 nequaquam

298 3505 482 3588 contingens
493 3507 635 3590 possibili
645 3522 863 3592 comparatur:
880 3508 1054 3572 hortamen
1066 3508 1099 3571 in
1111 3518 1247 3573 tractatu

298 3605 469 3670 modalium
486 3607 616 3671 sensisse
632 3609 717 3672 visus
732 3623 791 3674 est.
832 3611 923 3675 Licet
937 3609 1021 3674 enim
1036 3610 1188 3695 possibile
1201 3623 1248 3674 est

296 3707 402 3772 albere
423 3721 549 3791 gentem
568 3707 771 3795 AEthiopum,
789 3712 989 3797 speciemque
1002 3732 1179 3797 cygnorum
1203 3712 1248 3776 ni-

294 3830 447 3892 grescere,
460 3823 609 3872 neutrum
622 3824 726 3874 tamen
743 3814 928 3896 contingens
942 3824 1001 3876 est.
1024 3812 1121 3886 Quod
1138 3815 1164 3877 si
1181 3813 1247 3878 hoec

296 3909 380 3995 quis,
402 3911 551 3993 quoniam
580 3912 744 3997 possibilia
772 3925 857 3989 sunt,
877 3915 1059 3996 contingere
1087 3914 1248 4000 opinatur,

297 4011 356 4074 hoc
378 4010 409 4074 in
434 4012 562 4098 publico
587 4013 749 4098 praedicet,
774 4014 953 4079 Aristotelis
978 4013 1171 4080 auctoritate
1195 4017 1248 4080 de-

295 4114 403 4193 ducta,
417 4128 448 4178 et
466 4114 569 4200 plane,
585 4117 739 4181 renitente
762 4115 901 4199 publicae
923 4116 1079 4180 suasionis
1101 4139 1175 4194 usu,
1190 4129 1246 4181 aut

296 4216 412 4279 insanis
434 4215 594 4282 videbitur
620 4217 769 4293 assidere,
791 4231 849 4280 aut
875 4230 961 4280 certe
985 4238 1099 4303 parum
1123 4219 1247 4282 sobrius

295 4341 371 4380 esse.
416 4318 479 4384 Sed
497 4336 533 4383 ut
551 4319 591 4382 ad
615 4319 711 4382 alium
735 4318 908 4402 migremus
930 4339 1070 4393 sensum,
1086 4342 1153 4405 quo
1173 4344 1246 4384 oon·

296 4419 421 4503 tingens
443 4442 504 4484 non
527 4434 713 4505 coaequatur
735 4420 877 4505 quidem,
898 4419 952 4482 sed
976 4420 1247 4487 circumscribitur
