2992 5592
284 798 418 882 canu]
619 814 864 868 usruonrcus.
1180 809 1233 869 tot

279 993 408 1037 monum
429 983 530 1057 auget
551 983 608 1037 aut
627 972 756 1047 minuit,
778 985 881 1038 mutat
901 984 958 1038 aut
978 987 1120 1054 evacuat,
1136 975 1233 1061 signi·

276 1072 450 1140 ficatioaes.
497 1071 595 1148 Quod
621 1085 710 1162 patet
734 1073 766 1138 in
791 1097 830 1138 eo
854 1075 939 1162 quod
962 1090 1010 1142 est
1035 1078 1232 1165 contingens,

272 1177 368 1264 cujus
398 1175 576 1242 latissimus
598 1199 685 1253 usus,
716 1200 784 1263 quo
805 1177 948 1262 possibili
975 1181 1176 1266 oequabatur,
1198 1183 1230 1246 in

271 1279 437 1345 communi
462 1278 687 1344 modernorum
709 1301 771 1344 usu
796 1279 931 1366 parietes
953 1282 1130 1348 scholarum
1156 1307 1232 1350 nus-

272 1405 373 1470 quam
393 1382 572 1469 egreditur.
619 1381 675 1446 Ad
690 1385 760 1447 haec
780 1383 958 1469 subjungit,
975 1384 1060 1449 unde
1075 1385 1230 1451 idoneitas

270 1484 487 1573 syllogizandi
511 1485 688 1571 proveniat,
711 1486 862 1571 quoniam
889 1509 1003 1573 parum
1030 1497 1078 1551 est
1102 1508 1231 1570 genera-

270 1588 391 1653 tionem
418 1611 512 1654 nosse
535 1587 806 1674 syllogismorum,
831 1588 891 1652 nisi
913 1588 987 1673 quis
1006 1601 1038 1652 et
1054 1590 1227 1673 potentiam

268 1690 387 1757 babeat
402 1690 552 1756 faciendi.
585 1690 739 1777 Sequitur
751 1690 832 1755 ratio
845 1688 1017 1754 reducendi
1033 1689 1230 1776 syllogismos

269 1792 305 1856 in
319 1793 434 1877 prime
454 1794 568 1880 figura)
587 1793 712 1858 modos:
736 1806 769 1857 et
790 1791 834 1856 sic
856 1792 949 1879 primi
975 1793 1047 1858 libri
1062 1796 1229 1881 conceptio

269 1893 447 1962 clauditur.

427 2085 510 2172 Cap.
525 2092 555 2150 5.
581 2088 675 2162 Quod
688 2086 729 2150 sit
743 2088 905 2170 conceptio
919 2090 1061 2152 secundi.

315 2202 498 2268 Sscunous
508 2217 614 2268 autem
628 2203 741 2268 transit
755 2200 796 2268 ad
809 2203 961 2269 rationem
971 2204 1139 2282 inferendi,
1153 2230 1226 2293 quac

272 2304 305 2367 in
326 2302 464 2368 formam
484 2304 694 2370 conclusionis
712 2318 814 2389 patet,
830 2303 981 2391 adjiciens
1004 2309 1165 2393 quomodo
1184 2335 1226 2376 cx

271 2404 360 2471 falsis
374 2405 407 2470 iu
423 2407 562 2471 soconda
584 2418 617 2472 ct
631 2409 727 2471 tertia
748 2407 851 2492 figura
870 2430 980 2472 verum
1002 2410 1226 2496 syllogizatum

271 2506 360 2593 quod
374 2530 429 2571 eos
444 2508 528 2573 t'orte
542 2507 698 2593 praeterit,
712 2508 769 2593 qui
791 2530 829 2572 ex
853 2508 933 2572 salso
954 2510 1030 2574 nihil
1047 2515 1136 2598 sequi
1152 2539 1226 2580 con·

272 2608 418 2675 tendunt.
465 2609 592 2676 Deinde
606 2608 647 2674 ad
663 2609 832 2675 circulares
855 2611 1060 2697 progreditur
1081 2615 1225 2702 syllogis-

272 2732 350 2789 mos,
370 2725 404 2776 et
427 2732 483 2775 eos
503 2710 535 2774 in
558 2711 707 2776 omnibus
731 2712 842 2796 figuris
867 2711 1055 2796 exequitur:
1080 2730 1157 2778 tunc
1183 2716 1224 2781 ad

271 2812 490 2913 conversiones
505 2812 764 2900 syllogismorum
780 2814 813 2877 in
829 2813 915 2877 omni
934 2813 1048 2898 figura.
1094 2815 1142 2879 Ut
1158 2817 1235 2904 qui,

270 2912 339 2979 dem
355 2914 538 2997 imperfecti
553 2913 684 2981 redeant
699 2914 738 2978 ad
756 2916 921 2998 perfectos,
936 2926 969 2977 et
987 2915 1128 2980 omniurn
1145 2918 1225 2985 fidos

270 3016 387 3101 paritor
402 3014 572 3090 elucescat,
586 3017 648 3079 ista
662 3014 847 3100 praecedunt
862 3039 936 3100 quae
952 3015 1081 3081 directas
1100 3020 1225 3083 ratioci-

270 3118 405 3183 nationis
415 3116 520 3182 forma
531 3132 592 3183 est:
609 3117 816 3204 subjungitur
828 3117 907 3182 ratio
917 3118 1139 3202 hypotheseos,
1150 3144 1224 3207 quae

269 3218 1222 3307 necessitateimpossibiliseventus,autnonprobabilis,pro·

270 3322 409 3404 positum
430 3323 558 3388 astruit.
604 3321 707 3406 Cujus
729 3317 858 3407 quidem
877 3319 958 3384 ratio
978 3334 1037 3394 est,
1058 3335 1093 3386 ut
1109 3319 1135 3387 si
1149 3345 1223 3389 con-

271 3417 412 3486 cludenti
428 3440 490 3483 non
505 3419 732 3506 adquiescatur
746 3431 876 3504 sumpta
891 3419 1135 3488 contradictoria
1149 3447 1222 3490 con-

270 3518 431 3599 clusionis,
441 3519 585 3586 etaltera
595 3541 829 3597 concessarum,
841 3520 951 3608 eisque
962 3520 993 3585 in
1004 3523 1106 3610 prima
1116 3528 1222 3612 figura

270 3621 442 3711 dispositis,
455 3622 626 3706 colligatur
639 3624 822 3709 oppositum
839 3623 975 3711 alicujus
990 3649 1218 3697 concessarum.

270 3722 367 3801 Quod
376 3725 517 3812 qualiter
526 3725 559 3789 in
573 3723 660 3789 omni
669 3725 774 3809 figura
784 3727 853 3804 fiat,
868 3726 1024 3792 ostendit:
1047 3754 1220 3820 omnesque

268 3825 389 3906 modos,
398 3825 689 3915 perimpossibilem
701 3842 862 3905 eventurn,
870 3851 960 3894 veros
974 3854 1042 3897 esse
1051 3835 1219 3903 convincit.

268 3928 321 3994 Ad
345 3930 415 3995 hacc
444 3929 594 4017 qualiter,
616 3942 648 3993 et
675 3929 705 3991 in
729 3951 794 4015 qua
816 3931 919 4017 figura
942 3933 1148 4020 syllogizetur
1178 3962 1220 4004 ex

267 4032 538 4119 propositionibus
559 4030 724 4118 oppositis,
746 4032 883 4098 fideliter
897 4035 1009 4122 aperit.
1055 4039 1173 4123 Adjicit
1187 4053 1219 4104 et

268 4135 409 4221 regulam
433 4132 597 4221 petitionis
618 4132 866 4220 principiique)
889 4135 1063 4223 speculatio
1086 4151 1150 4201 tam
1165 4137 1222 4202 de-

267 4234 483 4310 monstratori,
502 4255 599 4320 quam
621 4233 787 4298 dialectico
806 4234 882 4298 satis
901 4233 1138 4298 accommodata
1151 4248 1218 4300 est:

266 4333 336 4401 licet
349 4336 403 4401 bic
412 4335 643 4423 probabilitate
652 4334 803 4416 gaudeat,
815 4335 870 4400 illc
881 4336 1047 4400 veritatem
1061 4334 1220 4403 duntaxat

266 4437 488 4526 amplectatur.
530 4435 688 4502 Proeterea
697 4441 722 4503 si
734 4460 797 4502 non
808 4459 902 4502 causa
913 4449 1051 4522 ponatur
1064 4449 1100 4502 ut
1111 4459 1218 4518 causa,

306 4560 382 4606 vot..
399 4560 430 4604 V.
739 4559 766 4603 M
