2992 5592
370 791 432 850 284
631 804 769 848 Joaums
786 802 1065 848 strassenrausrs
1144 787 1254 863 [sacr.
1271 807 1328 852 vn.

371 953 557 1019 naturaliter
578 967 755 1017 moventur.
803 957 867 1017 Hic
887 952 985 1039 igitur
1007 966 1113 1021 motus
1128 981 1147 1022 a
1164 957 1331 1021 Mercurio

372 1069 487 1120 natura
501 1055 631 1135 dicitur,
642 1081 662 1121 a
673 1056 805 1121 Platone
819 1056 938 1120 Anima
953 1057 1085 1136 Mundi,
1099 1084 1119 1123 a
1134 1059 1330 1147 quibusdam

368 1159 483 1235 fatum,
498 1181 518 1222 a
533 1157 690 1243 theologis
705 1156 812 1221 diviua
825 1155 993 1243 dispositio
1008 1160 1203 1246 appellatur.
1242 1162 1332 1225 Aris·

367 1260 479 1326 toteles
495 1282 626 1346 quoque
639 1259 717 1324 dicit
732 1259 821 1345 quod
836 1262 971 1325 materia
991 1261 1112 1328 dicitur
1132 1264 1329 1349 passibilitas

366 1377 399 1428 et
413 1362 566 1427 carentia.
603 1361 754 1426 Careutia
769 1361 855 1426 ideo:
872 1362 951 1448 quia
971 1363 1002 1427 in
1019 1385 1052 1427 se
1067 1364 1226 1446 informis,
1240 1389 1281 1430 ex
1297 1391 1329 1430 se

366 1477 453 1530 caret
468 1462 588 1529 formis.
619 1460 829 1536 Possibilitas,
840 1459 873 1524 id
888 1475 936 1526 est
951 1476 1029 1551 apta
1042 1464 1184 1550 recipere
1199 1467 1326 1532 formas.

368 1564 422 1631 Ex
437 1565 648 1651 possibilitate
667 1564 848 1648 generatim
871 1586 909 1627 ea
923 1565 1064 1630 careutia
1077 1567 1264 1654 corruptio:
1287 1592 1327 1633 ex

368 1665 580 1752 possibilitate
592 1665 718 1745 vita,ex
730 1664 872 1730 carentia
886 1665 1046 1732 interitus.
1080 1668 1239 1742 Quintum
1252 1693 1328 1734 vero

366 1788 473 1832 rerum
504 1765 696 1851 principium
722 1765 905 1830 Mercurius
928 1767 1066 1831 Hermes
1092 1769 1138 1832 sic
1163 1769 1327 1851 describit,

368 1874 378 1905 ‘
396 1871 463 1934 lar
478 1880 636 1932 astrorum
652 1878 702 1931 est
724 1889 818 1952 aequa
831 1880 865 1934 et
879 1882 1036 1954 perpetua
1051 1882 1199 1934 motuum
1214 1894 1324 1936 eorum

367 1968 545 2055 dispositio,
554 1991 630 2055 quoe
645 1968 758 2033 mundi
774 1970 952 2034 machinam
968 1971 1064 2036 efficit
1079 1985 1111 2036 et
1127 1972 1324 2051 moderatur,

366 2092 425 2156 per
446 2093 543 2155 quam
567 2069 707 2135 mundus
728 2084 761 2134 et
783 2071 946 2135 mundana
967 2071 1054 2138 nulla
1074 2072 1248 2147 coactione,
1267 2075 1322 2137 sed

365 2172 481 2257 beniga
492 2172 640 2236 amicitiae
651 2193 729 2257 pace
739 2187 907 2256 reguntur.
930 2173 976 2238 Et
987 2194 1085 2258 quum
1099 2173 1147 2237 lex
1160 2188 1322 2240 astrorum

363 2273 522 2359 duplicem
546 2274 661 2338 habeat
683 2273 955 2355 significationem,
978 2273 1152 2340 secundum
1174 2276 1321 2356 alteram,

364 2390 469 2439 motus
482 2374 590 2439 omnia
604 2396 734 2439 movens
756 2373 885 2456 dicitur,
901 2375 1075 2440 secundum
1095 2376 1231 2442 alterum
1253 2380 1320 2443 siue

364 2489 453 2540 motu
476 2488 583 2541 motus
604 2475 711 2538 omnia
732 2497 863 2540 movens
885 2476 1055 2541 scribitur:
1085 2477 1150 2541 Hic
1171 2493 1279 2544 motus
1302 2504 1321 2543 a

364 2575 521 2662 tbeologis
535 2575 644 2640 divina
654 2575 821 2660 dispositio
836 2574 1030 2663 appellatur,
1040 2577 1098 2663 qui
1110 2601 1233 2644 summa
1244 2605 1322 2668 pace

366 2679 523 2753 universa,
536 2701 659 2743 summa
675 2677 909 2764 tranquillitate
923 2678 1060 2763 singula,
1074 2702 1198 2744 summa
1214 2683 1322 2767 quiete

364 2778 520 2863 qualitiva
541 2778 735 2843 moderatur.
789 2777 878 2843 lderu
901 2800 1033 2865 quoque
1054 2794 1202 2845 naturam
1227 2806 1324 2865 quar-

364 2895 434 2946 tum
454 2881 635 2964 [describit]
654 2879 772 2945 scilicet
792 2901 898 2944 rerum
915 2878 1107 2966 principium
1123 2882 1177 2960 sic,
1193 2887 1323 2950 Natura

362 2998 410 3050 est
434 2985 525 3069 vigor
547 2982 678 3071 quidam
701 2982 887 3047 universalis
907 2995 940 3048 et
960 2982 1146 3067 spiritualis,
1161 3009 1201 3051 ex
1222 3010 1322 3053 causa

363 3102 395 3153 et
417 3087 540 3153 ratione
564 3108 705 3163 nascens,
729 3085 867 3172 primum
891 3084 973 3151 coelo
998 3085 1172 3165 innascens,
1194 3088 1227 3153 in
1250 3093 1323 3155 uni-

364 3190 462 3254 versis
475 3199 509 3253 ct
522 3189 657 3273 siugulis
671 3187 939 3275 quadripartitus,
951 3186 1158 3273 qualificatus
1172 3205 1204 3256 et
1219 3215 1321 3278 quan-

363 3290 513 3371 tificatus,
536 3291 717 3356 differentes
738 3289 909 3375 qualitates
931 3289 1106 3355 successive
1127 3288 1321 3358 diffundens.¹

364 3398 444 3458 ltem
468 3393 551 3457 idem
574 3393 618 3457 sic
640 3392 817 3465 muudum
842 3405 967 3456 sextum
992 3413 1098 3456 rerum
1115 3393 1321 3479 principium,

364 3494 511 3559 Mundus
530 3510 579 3559 est
602 3508 725 3560 natura
746 3507 853 3558 motus
871 3492 1070 3569 orbicularis,
1085 3515 1229 3574 concors,
1251 3497 1320 3559 uui-

361 3589 501 3667 versalis,
511 3593 731 3676 temporarius,
741 3593 861 3668 localis,
871 3595 1014 3657 exterius
1025 3591 1105 3656 nihil
1121 3592 1317 3678 relinqueus;

359 3693 495 3758 interius
520 3707 665 3758 centrata
690 3694 799 3778 quiete
825 3692 1104 3779 proportionaliter
1130 3694 1319 3770 consistens,

360 3807 572 3879 repugnantes
586 3816 692 3858 rerum
714 3795 887 3880 qualitates
907 3793 1069 3878 sunzugiis
1087 3795 1319 3880 constringens.

360 3896 539 3982 Septimum
563 3895 703 3980 itemque
725 3897 918 3985 principium
942 3894 1004 3959 sic:
1030 3896 1186 3961 Machina
1205 3896 1318 3960 mundi

359 4011 408 4064 est
418 4019 548 4063 concors
559 4012 591 4063 et
603 3996 788 4063 moderatus
801 4013 944 4062 motuum
955 3995 1186 4061 contrariorum
1200 4011 1317 4071 motus,

360 4101 416 4189 qui
432 4100 587 4165 mundum
603 4113 634 4164 et
656 4099 818 4165 mundana
841 4100 1053 4184 paragorizat,
1069 4095 1103 4160 id
1124 4110 1172 4161 est
1189 4102 1321 4176 mulcet,

361 4204 485 4269 vivifico
498 4203 612 4281 calore,
628 4215 783 4288 temperat
805 4199 971 4286 qualitate,
987 4199 1104 4264 format
1126 4201 1321 4284 quantitate.

363 4300 416 4366 Sic
427 4301 527 4386 igitur
537 4323 641 4366 rerum
655 4297 855 4372 universitas,
865 4296 897 4359 id
909 4310 957 4361 est
970 4297 1088 4373 omnia,
1099 4309 1174 4360 sunt
1185 4296 1218 4362 io
1231 4311 1324 4363 oetcr-

363 4403 472 4478 nitate,
488 4403 520 4465 id
537 4418 584 4467 est
601 4403 632 4466 in
651 4406 719 4467 Deo
735 4397 988 4472 immutabiliter,
1004 4399 1111 4463 omnia
1126 4398 1157 4461 in
1175 4400 1321 4475 materia,
