2992 5592
180 841 267 892 sacr.
286 826 339 909 u]
474 847 516 892 oa
533 845 665 894 sarran
680 845 850 892 sarranis.
881 872 885 879 .
1067 831 1130 892 ala

176 999 289 1063 matico
312 997 500 1081 regulariter
517 999 659 1084 proferre
678 1012 710 1062 et
725 1020 883 1061 enormem
901 995 975 1059 vitoe
994 995 1126 1080 gibbum

172 1101 276 1164 ferre?
311 1101 398 1178 Quid
426 1101 547 1165 confert
573 1100 748 1176 dialectico,
774 1099 1027 1186 propositionum
1054 1119 1127 1183 pro·

172 1202 310 1266 blemata
324 1203 403 1266 scire
424 1217 457 1266 et
478 1225 582 1266 mores
604 1203 771 1286 ambiguos
790 1217 822 1268 et
837 1201 965 1265 fallaces
984 1200 1126 1264 habere?

169 1302 228 1368 Ille
251 1325 328 1387 ergo
354 1326 479 1389 aequam
508 1304 683 1368 dialectica>
708 1307 790 1368 riam
816 1304 977 1390 sequitur,
1000 1317 1034 1365 et
1059 1315 1123 1366 tam

168 1426 263 1493 opere
301 1426 397 1492 quam
434 1428 577 1470 sermone
607 1407 760 1472 veraciter
789 1419 1043 1490 argumentatur,
1066 1404 1122 1490 qui

168 1531 276 1572 rerum
292 1531 312 1572 a
326 1507 418 1582 falso,
431 1523 554 1573 rectum
570 1531 588 1570 a
603 1531 702 1571 curvo
717 1508 892 1572 dividendo
907 1506 1121 1570 ratiocinatur.

169 1610 255 1687 Quid
293 1609 425 1696 prodest
463 1610 633 1690 rhetorico,
669 1610 863 1695 eloquentiae
902 1608 1123 1691 pompositate,

168 1713 337 1777 verborum
367 1712 546 1776 urbanitate
572 1712 712 1796 gloriari,
738 1728 770 1776 et
796 1711 903 1796 lingua
933 1711 1124 1774 mercenaria

169 1818 236 1880 uti?
260 1814 324 1878 Hic
340 1838 416 1898 ergo
431 1813 462 1877 in
480 1817 530 1876 via
546 1827 634 1878 recta
653 1812 818 1877 rhetoricis
838 1813 979 1896 vestigiis
993 1811 1122 1888 incedit,

169 1916 223 2001 qui
249 1917 360 2000 lingua
383 1917 527 1979 censoria
553 1915 691 1979 rotunda
716 1915 878 1979 auditores
903 1913 1124 2000 persuadendo

167 2017 420 2093 commonefacit,
436 2030 466 2080 et
483 2016 609 2102 dejure
624 2020 736 2080 stricto
751 2017 783 2078 in
800 2039 928 2102 aequum
945 2015 1123 2081 revocando

165 2118 304 2182 instruit.
351 2118 404 2183 Sic
419 2117 519 2200 igitur
534 2117 663 2180 trivium
683 2116 883 2204 eloquentem
900 2117 1017 2191 reddit,
1032 2130 1065 2180 et
1079 2114 1119 2179 ad

166 2221 297 2285 virtutes
308 2220 549 2284 viasconstruit.
586 2219 670 2297 Quid
687 2220 815 2307 prodest
826 2220 1120 2306 peraritlrmeticam

168 2342 345 2398 numerare,
359 2332 391 2382 et
406 2319 526 2404 digitos
541 2332 572 2383 et
588 2321 727 2384 calculos
741 2322 883 2387 avaritiae
899 2320 1122 2385 commodare?

169 2424 267 2486 Recte
281 2444 358 2505 ergo
374 2422 454 2485 riam
472 2421 692 2499 arithmeticae,
709 2423 800 2487 idest
814 2425 985 2489 virtuosam
1000 2423 1122 2487 numeri

170 2524 262 2602 viam,
286 2522 477 2608 ingreditur,
502 2524 558 2609 qui
585 2547 641 2609 per
667 2525 847 2610 quinarium
876 2528 983 2611 Moysi
1010 2529 1123 2590 Penta-

168 2626 316 2689 teuchum
334 2639 366 2689 et
382 2628 450 2712 ejus
467 2631 651 2711 mysterium
668 2627 867 2712 aggreditur,
880 2650 938 2712 per
956 2629 1121 2692 denarium

168 2726 353 2812 decalogum
370 2727 602 2812 complectitur,
618 2750 674 2813 per
687 2729 843 2791 binarium
858 2741 950 2793 vetus
961 2741 991 2791 et
1003 2749 1120 2791 novum

165 2843 387 2895 testamentum
419 2827 555 2892 fideliter
585 2827 802 2914 amplectitur:
838 2828 893 2914 qui
925 2851 982 2914 per
1011 2852 1119 2892 omnes

165 2953 312 2995 numeros
333 2931 525 3015 adjiciendo,
549 2931 732 3005 muniendo,
756 2930 939 3006 dividendo,
963 2933 1120 3018 multipli-

165 3033 275 3109 cando,
289 3034 464 3110 historiam,
476 3033 671 3117 allegoriam,
682 3034 904 3118 tropologiam,
913 3046 944 3096 et
956 3057 1119 3119 anagogen

165 3135 299 3199 fideliter
311 3134 540 3218 complectitur.
567 3135 650 3211 Quid
665 3135 787 3199 confert
800 3136 929 3212 unifico,
941 3158 1120 3220 pergraves

163 3249 193 3300 et
203 3247 313 3301 acutos
322 3254 493 3301 concentus
503 3237 660 3322 disparem
672 3260 784 3302 sonum
792 3260 963 3301 ccnoonum
975 3239 1118 3318 reddere,

165 3353 195 3402 et
210 3361 332 3403 morum
349 3338 518 3402 concordia
533 3343 663 3402 carere?
689 3340 749 3404 Ille
760 3362 836 3424 ergo
848 3340 1025 3404 unificalem
1036 3342 1118 3406 viam

164 3441 286 3527 arripit,
300 3441 356 3526 qui
371 3442 467 3504 vitam
483 3442 550 3504 voci
562 3461 729 3504 consonam
742 3442 857 3506 reddit.
892 3443 976 3519 Quid
988 3444 1119 3511 interest

162 3555 282 3623 nostra,
301 3540 505 3605 multimodas
525 3542 645 3627 figuras
667 3557 699 3605 et
717 3565 816 3620 areas,
836 3543 992 3627 podismo,
1015 3546 1116 3623 radio,

163 3640 253 3721 lituo,
265 3655 297 3707 et
312 3643 448 3706 embado
463 3644 543 3708 scire
558 3643 711 3719 dividere,
725 3644 750 3707 si
767 3645 915 3710 nolumus
929 3670 1001 3712 cum
1018 3651 1117 3715 fratre

162 3743 326 3809 dividere?
356 3744 448 3830 quid,
472 3743 497 3808 si
521 3747 637 3809 scimus
659 3768 716 3831 per
737 3747 926 3813 diametrum
950 3752 1116 3832 circulum,

162 3869 218 3932 per
232 3845 386 3910 circulum
403 3845 603 3920 diametrum,
621 3869 678 3931 per
694 3860 867 3935 utrumque
881 3853 991 3916 circuli
1011 3875 1115 3919 arram

163 3949 312 4021 invenire,
340 3960 372 4010 et
402 3947 541 4010 animum
574 3946 662 4010 nullo
692 3970 847 4012 mensurae
877 3953 972 4016 moda
997 3977 1115 4038 regere.

164 4048 197 4112 ls
211 4049 310 4135 igitur
325 4049 578 4130 geometricalem
596 4052 677 4112 viam
691 4050 793 4133 aequis
804 4073 959 4117 mensurae
970 4057 1116 4138 passibus

160 4149 287 4228 incedit,
296 4150 352 4235 qui
364 4149 395 4212 in
410 4172 442 4211 sc
454 4150 671 4224 sobrietatem,
682 4151 714 4212 in
727 4151 805 4214 alios
817 4151 947 4215 modurn
960 4167 991 4218 et
1005 4178 1114 4223 mensu

161 4272 225 4314 ram
242 4274 474 4336 usquequaque
484 4252 634 4315 custodit.
681 4252 766 4330 Quid
780 4253 877 4317 refert
889 4253 1032 4320 docentis
1043 4263 1115 4324 coeli

160 4351 1114 4440 situmethabitudinesstellaruminastrolabioconsiderare,

160 4467 192 4518 et
207 4453 266 4517 sibi
288 4452 416 4518 minime
438 4451 627 4538 providere?
651 4456 742 4540 quid,
760 4458 785 4519 si
808 4457 925 4520 scimus
945 4481 1002 4544 per
1023 4459 1116 4528 horo.
