2992 5592
523 823 598 869 vrrs
614 825 731 869 saucrr
746 824 874 870 rnorrra
888 823 985 871 carr.
1159 812 1222 872 37⁷

268 986 372 1039 torum
391 975 479 1041 Juda
497 998 642 1040 sermone
662 978 781 1040 celebri
803 978 967 1059 vulgatum
988 984 1048 1056 est,
1061 978 1130 1060 pari
1147 976 1221 1062 jure

268 1076 457 1140 trahendum
473 1076 578 1139 estad
594 1077 768 1160 complices
783 1098 869 1155 suos,
885 1099 924 1140 eo
944 1077 1030 1160 quod
1053 1076 1093 1140 de
1111 1078 1220 1141 simili·

267 1179 329 1241 bus
343 1179 438 1241 rebus
452 1177 537 1240 idem
560 1190 685 1242 constet
699 1199 769 1241 esse
787 1176 959 1262 judicium,
976 1192 1009 1242 ut
1030 1178 1220 1243 Christianis

266 1277 416 1339 omnibus
431 1298 474 1339 ex
489 1276 552 1339 fide
567 1277 699 1358 liqueat,
714 1275 801 1359 quod
813 1277 888 1339 coeli
904 1278 1090 1340 revelabunt
1104 1278 1221 1360 iniqui·

267 1385 363 1442 tatem
378 1379 531 1461 ipsomm,
546 1390 578 1441 et
592 1377 743 1440 adversus
759 1398 814 1440 eos
829 1391 909 1440 terra
925 1388 1101 1459 consurget.
1139 1379 1221 1451 Quis

268 1491 374 1544 autem
390 1479 529 1542 fidelium
545 1479 662 1542 audeat
682 1478 839 1555 dubitare,
856 1478 943 1563 quod
965 1479 1054 1542 Deus
1074 1490 1222 1543 auctores

267 1593 299 1645 et
320 1592 550 1665 perpetratores
572 1583 651 1642 tanti
677 1580 835 1661 sacrilegii
863 1593 918 1643 aut
943 1589 1142 1643 converteret
1166 1591 1222 1643 aut

269 1681 466 1746 contereret?

309 1787 465 1848 Passurus
488 1797 593 1850 autem
617 1787 649 1847 iu
674 1786 822 1862 ecclesia,
842 1797 876 1848 ut
899 1785 1017 1848 dictum
1038 1796 1097 1863 est,
1114 1806 1222 1848 coram

266 1888 357 1951 altari
384 1887 506 1950 Christi
531 1898 660 1972 martyr,
687 1899 859 1971 antequam
886 1887 1040 1965 feriretur,
1066 1908 1164 1969 quum
1187 1909 1222 1950 se

267 1989 421 2053 audiisset
434 1990 552 2073 inquiri
573 2011 593 2053 a
615 1989 783 2065 militibus,
799 1989 854 2073 qui
875 1989 916 2052 ad
936 1990 1000 2053 hoc
1019 1999 1169 2052 venerant
1188 1990 1222 2052 in

267 2093 359 2155 turba
374 2092 562 2155 clericorum
573 2103 603 2154 et
614 2091 843 2154 monachorum
855 2092 1110 2168 vociferantibus,
1123 2093 1141 2123 “
1155 2091 1223 2154 Ubi

268 2204 316 2255 est
337 2193 598 2276 archiepiscopus
610 2192 641 2255 l'’
668 2193 806 2255 occurrit
827 2192 866 2254 iis
889 2213 930 2255 ex
943 2191 1054 2273 gradu,
1070 2213 1164 2275 quem
1181 2212 1224 2254 ex

266 2314 382 2375 magna
393 2308 483 2377 parte
496 2293 694 2370 ascenderat,
704 2295 794 2356 vultu
802 2294 960 2376 intrepido
972 2293 1092 2371 dicens,
1104 2295 1125 2328 “
1133 2294 1223 2356 Ecce
1246 2290 1249 2295 ’

267 2415 346 2477 ego:
370 2394 448 2478 quid
465 2396 560 2458 vultis
571 2394 602 2457 ?”
647 2395 710 2458 Cui
725 2416 810 2458 unus
831 2396 1024 2458 funestorum
1041 2395 1173 2458 militum
1189 2395 1224 2458 in

267 2495 378 2577 spiritu
404 2495 515 2557 furoris
529 2495 647 2572 intulit,
671 2495 748 2558 “Ut
771 2494 867 2558 modo
886 2495 1046 2556 moriaris:
1076 2495 1222 2577 impossi-

267 2596 333 2659 bile
356 2597 439 2659 eninr
464 2606 513 2660 est
538 2609 574 2659 ut
595 2596 734 2678 amplius
759 2594 875 2657 vivas?
921 2594 1103 2677 Respondit
1121 2596 1224 2658 archi=

268 2698 440 2781 episcopus
461 2721 526 2761 non
547 2699 661 2760 minori
683 2696 866 2759 constantia
887 2695 974 2757 verbi
995 2716 1089 2778 quam
1112 2696 1225 2781 animi,

270 2800 345 2882 qnia
373 2798 470 2883 (quod
497 2799 639 2862 omnium
666 2809 838 2882 martyrum
862 2818 943 2880 pace
970 2818 1012 2859 ex
1038 2796 1136 2859 animi
1162 2799 1224 2862 mei

269 2902 426 2964 sententia
451 2901 587 2965 fidenter
608 2901 757 2980 dixerim)
783 2901 891 2962 nullus
915 2898 1037 2961 ridetur
1061 2898 1122 2960 isto
1147 2919 1224 2961 con·

268 3001 403 3063 stantior
424 3000 540 3063 fuisse:
570 3003 589 3033 “
603 3003 647 3064 Et
669 3022 728 3082 ego
743 3022 801 3083 pro
825 3002 897 3062 Deo
913 3020 984 3061 meo
1009 3009 1138 3082 paratus
1153 3019 1223 3060 sum

269 3100 359 3176 mori,
377 3111 409 3163 et
427 3121 485 3182 pro
504 3101 677 3163 assertione
696 3100 831 3184 justitiae
853 3110 884 3162 et
904 3098 1049 3162 ecclesiae
1069 3098 1224 3163 libertate.

268 3200 363 3273 Quod
391 3202 418 3264 si
445 3213 543 3285 caput
568 3224 674 3264 meum
702 3201 856 3284 quaeritis,
882 3199 1040 3282 prohibeo
1066 3220 1108 3260 ex
1134 3211 1225 3283 parte

269 3302 497 3385 omnipotentis
524 3303 588 3365 Dei
616 3315 649 3365 et
675 3304 734 3365 sub
765 3302 979 3378 anathemate,
1005 3321 1045 3362 ne
1075 3301 1225 3385 cuiquam

268 3399 333 3479 alii,
355 3403 421 3464 sive
437 3403 595 3465 monacho
619 3403 685 3465 sive
710 3402 826 3464 clerico
846 3401 911 3462 sire
933 3401 1027 3478 laico,
1044 3400 1155 3483 majori
1175 3419 1226 3479 vel

269 3504 395 3579 minori,
410 3505 442 3566 in
459 3504 566 3586 aliquo
583 3505 737 3580 noceatis,
753 3502 809 3564 sed
825 3504 889 3565 sint
911 3503 1068 3565 immunes
1088 3526 1107 3566 a
1128 3525 1227 3587 poena

270 3605 355 3667 sicut
378 3606 555 3667 extiterunt
577 3628 597 3668 a
623 3626 740 3680 causa3
762 3625 827 3667 non
852 3606 936 3666 cuim
966 3601 1040 3680 illis,
1065 3605 1121 3668 sed
1147 3607 1227 3670 mihi

268 3705 493 3788 imputandum
520 3717 577 3784 est,
602 3706 629 3768 si
659 3707 713 3790 qui
741 3727 850 3769 eornm
879 3708 1053 3771 laborantis
1079 3709 1226 3773 ecclesiae

270 3828 399 3870 causam
434 3820 661 3889 susceperuut:
702 3817 835 3870 mortem
869 3805 1007 3872 libenter
1039 3813 1227 3893 amplector,

273 3905 448 3969 dnmmodo
470 3907 608 3970 ecclesia
627 3907 660 3968 iu
676 3907 834 3970 effusione
852 3909 915 3970 mei
932 3909 1097 3988 sanguinis
1112 3929 1225 3989 pacem

270 4016 484 4089 consequatur
495 4016 527 4069 et
540 4007 750 4069 libertatem.”
780 4008 861 4079 Quis
869 4006 1144 4082 istoconstantior,
1156 4007 1228 4090 quis

270 4105 393 4168 ridetur
406 4107 439 4167 in
456 4108 587 4169 caritate
605 4105 797 4169 ferventior?
823 4107 877 4188 qni
899 4106 974 4168 dum
996 4125 1054 4188 pro
1075 4105 1148 4185 lege
1164 4107 1226 4170 Dei

271 4207 319 4268 sui
346 4208 628 4290 persequutoribus
658 4229 692 4268 se
719 4208 883 4280 offerebat,
909 4207 940 4267 iu
968 4205 1001 4267 id
1032 4206 1133 4267 solum
1165 4209 1227 4271 sol·

270 4308 378 4369 licitus
401 4307 471 4383 suit,
493 4331 534 4370 ne
558 4308 719 4370 commissi
740 4307 799 4368 sibi
822 4305 925 4385 gregis
946 4306 978 4367 iu
1004 4305 1111 4389 aliquo
1131 4306 1227 4369 delri-

276 4420 415 4469 mentum
454 4416 621 4489 pateretur.
677 4406 783 4467 Verba
820 4405 888 4486 ejus
923 4426 1028 4468 uonuc
1066 4406 1227 4470 Christum
