2992 5592
384 816 448 875 200
640 825 778 869 ioannis
794 821 1072 867 ssnusssaisssrs
1195 807 1278 886 [crs.
1296 825 1340 869 rr.

384 979 477 1043 diem.
524 981 606 1042 Nam
622 998 732 1040 omnes
747 974 873 1050 insuloe,
888 973 928 1037 de
939 977 1014 1060 jure
1030 975 1176 1060 antiquo,
1187 998 1226 1039 ex
1244 976 1342 1040 dona·

385 1080 469 1145 tione
495 1078 710 1154 Constantini,
733 1078 791 1162 qui
815 1099 883 1139 eam
911 1075 1060 1140 fundavit
1082 1089 1114 1139 et
1138 1076 1276 1157 dotavit,
1297 1079 1342 1141 di-

386 1195 505 1246 cuntur
519 1180 560 1245 ad
577 1184 753 1246 Romanam
771 1178 945 1242 Ecclesiam
961 1179 1132 1263 pertinere.
1174 1182 1339 1244 Annulum

384 1305 516 1370 quoque
531 1304 589 1369 per
612 1305 662 1345 me
678 1282 855 1345 transmisit
869 1302 1015 1358 aureum,
1029 1281 1200 1364 smaragdo
1220 1287 1341 1367 optimo

382 1383 578 1461 decoratum,
606 1406 672 1470 qun
694 1383 784 1446 fieret
813 1382 1002 1446 investitura
1027 1383 1113 1466 juris
1138 1383 1172 1445 in
1204 1383 1340 1465 gerenda

385 1486 556 1552 Hibernia:
587 1486 736 1571 idemque
758 1484 865 1548 adhuc
887 1485 1027 1548 annulus
1054 1484 1085 1547 in
1109 1484 1212 1548 curali
1234 1486 1339 1548 archio

383 1589 511 1676 publico
526 1587 677 1653 custodiri
688 1589 800 1673 jussus
815 1600 871 1650 est.
919 1587 952 1650 Si
968 1588 1106 1650 virtutes
1121 1587 1192 1671 ejus
1213 1608 1340 1673 percur-

383 1713 450 1755 rere
465 1690 571 1764 velim,
590 1689 620 1752 in
640 1687 747 1772 magni
768 1686 938 1750 voluminis
956 1686 1086 1761 librum,
1108 1689 1178 1751 haec
1200 1711 1264 1752 una
1287 1711 1340 1753 ex·

383 1804 501 1855 crescet
522 1791 663 1856 materia.
710 1790 861 1853 Omnium
888 1810 963 1852 vero
985 1801 1106 1853 mentes
1127 1790 1231 1874 magis
1251 1789 1339 1854 exul·

383 1905 469 1958 cerat
484 1894 620 1957 scissura
637 1890 803 1956 Ecclesiae:
828 1909 914 1976 quan,
928 1890 1133 1975 exigentibus
1147 1890 1252 1976 culpis
1272 1914 1339 1954 nos-

383 1996 453 2071 tris,
481 1995 629 2080 contigit,
656 2006 746 2057 tanto
775 2006 867 2078 patre
894 1992 1032 2058 sublato.
1077 1993 1245 2076 Expetivit
1272 2016 1339 2056 eam

384 2096 553 2174 &thanas
567 2107 605 2161 ut
617 2095 770 2160 cribraret
788 2095 872 2159 sicut
895 2095 1049 2171 triticum,
1062 2109 1094 2158 et
1117 2093 1273 2177 undique,
1295 2094 1339 2156 al·

384 2196 484 2262 terius
511 2196 607 2262 Judae
637 2196 810 2281 proditoris
840 2196 1024 2276 ministerio,
1052 2194 1279 2260 amaritudines
1304 2211 1334 2258 et

383 2296 531 2362 scandala
553 2298 683 2381 spargit.
730 2299 889 2363 Oriuntur
917 2298 1000 2362 bella
1024 2298 1194 2385 plusquam
1221 2297 1337 2360 civilia.

383 2397 599 2466 sacerdotalia
613 2399 697 2462 enim
715 2414 802 2475 sunt,
817 2415 849 2464 et
873 2401 1022 2466 fraterna.
1068 2402 1163 2464 Nunc
1179 2401 1337 2485 judicium

382 2518 430 2567 est
445 2501 570 2577 muudi,
585 2516 617 2567 et
637 2501 814 2566 timendum
837 2525 877 2566 ne
897 2516 1020 2590 partem
1044 2502 1208 2568 stellarum
1230 2525 1336 2566 secum

383 2603 525 2670 involvat
548 2604 709 2670 ambitiosi
730 2604 823 2668 ruina
843 2604 1026 2689 proditoris
1072 2608 1130 2667 Voe
1149 2617 1258 2668 autem
1283 2602 1339 2679 illi,

382 2729 441 2794 per
469 2729 565 2793 quem
591 2707 652 2771 hoc
678 2705 862 2770 scandalum
890 2710 986 2772 veuit.
1032 2710 1076 2772 Et
1105 2704 1199 2793 plane
1228 2705 1340 2770 melius

384 2823 464 2889 erat,
486 2810 513 2873 si
539 2822 633 2875 natus
657 2832 719 2873 nou
745 2809 867 2873 fuisset.
914 2807 1038 2874 Publici
1065 2809 1186 2873 doloris
1214 2831 1339 2893 expono

382 2933 510 2976 causas:
543 2932 643 2996 quum
662 2922 767 2974 tamen
790 2909 920 2973 aliunde
940 2909 1128 2974 familiarius
1150 2910 1259 2974 dolore
1275 2924 1339 2974 tor·

385 3025 493 3099 queat,
504 3026 574 3077 tum
588 3033 649 3075 non
662 3011 785 3090 leviori,
794 3011 880 3097 quod
892 3012 932 3076 ad
946 3034 997 3076 me
1009 3026 1145 3098 spectat.
1178 3012 1339 3099 Siquidem

383 3128 476 3200 pater
496 3138 596 3192 meus,
619 3127 650 3178 et
673 3114 832 3189 dominus,
856 3114 953 3178 immo
979 3125 1011 3178 et
1043 3128 1129 3188 tuus,
1155 3115 1341 3178 venerabilis

383 3215 601 3293 Theobaldus‚
619 3216 857 3281 cantuariensis
873 3214 1143 3300 Archiepiscopus
1158 3216 1190 3278 in
1213 3216 1340 3300 aegritu-

385 3315 492 3382 dinem
519 3319 645 3383 incidit:
680 3331 715 3383 ut
740 3319 897 3383 incertum
924 3318 976 3394 sit,
1000 3318 1079 3404 quid
1103 3340 1242 3402 sperare,
1264 3316 1341 3403 quid

385 3419 497 3482 timere
511 3432 667 3504 oporteat.
714 3418 860 3503 Negotiis
874 3438 961 3482 more
976 3418 1069 3483 solito
1090 3441 1256 3503 superesse
1279 3441 1339 3483 non

384 3532 503 3604 potest:
528 3519 734 3605 injunxitque
747 3521 825 3584 mihi
837 3520 1032 3606 provinciam
1044 3519 1171 3596 duram,
1181 3534 1214 3585 et
1225 3522 1340 3606 impor-

386 3618 484 3684 tabile
495 3641 578 3683 onus
588 3620 754 3705 imposuit,
765 3621 907 3685 omnium
921 3620 1217 3686 Ecclesiasticorum
1229 3620 1341 3686 sollici·

385 3720 537 3786 tudinem.
578 3722 742 3786 Anxiatur
753 3745 829 3808 ergo
842 3722 985 3807 undique
995 3722 1027 3786 in
1037 3745 1087 3786 me
1097 3725 1338 3809 spiritusmeus,

385 3833 418 3887 et
433 3825 594 3888 cruciatus
613 3845 697 3908 quos
717 3825 832 3908 patior,
848 3848 911 3889 non
932 3823 1054 3889 sufficio
1072 3847 1230 3890 enarrare.
1276 3825 1337 3890 Sed

386 3926 419 3990 iu
448 3924 499 3989 his
526 3923 686 4002 omnibus,
716 3927 845 3992 unicum
877 3928 954 3993 mihi
986 3926 1153 3992 consilium
1184 3942 1339 4015 superest,

387 4028 493 4094 Deum
509 4027 682 4103 hominem,
698 4029 896 4095 intemerate
912 4030 1044 4115 virginis
1067 4029 1180 4107 filium,
1196 4052 1338 4096 exorare:

386 4132 444 4217 qui
464 4129 551 4195 velut
575 4131 608 4194 in
628 4131 702 4195 nari
728 4130 899 4208 dormiens,
922 4130 1065 4196 fidelium
1087 4132 1236 4216 precibus
1259 4133 1339 4196 exd-

388 4234 504 4300 tandus
523 4246 583 4311 est,
599 4248 636 4299 ut
659 4237 830 4319 procellam
851 4246 1020 4318 componat
1043 4233 1262 4318 naufraganti·
1279 4237 1341 4299 Eo-

386 4335 501 4413 clesioe,
517 4350 550 4401 et
570 4337 735 4400 dominum
757 4357 875 4411 mum,
892 4336 972 4400 sicut
996 4336 1056 4400 sibi
1078 4349 1112 4399 et
1134 4336 1227 4401 uobis
1246 4358 1340 4423 expe·

386 4434 454 4500 dire
469 4437 637 4521 maurit,
651 4438 692 4502 ab
707 4436 792 4500 omni
807 4436 991 4500 infirmitate
1005 4437 1120 4500 trientis
1139 4451 1171 4501 et
1187 4441 1339 4525 eorpoms,
