2992 5592
166 808 319 891 orama]
535 826 776 875 unrnnoorous.
1052 817 1115 879 tau

162 1004 222 1066 qao
242 978 384 1045 nonsit.
428 977 614 1043 Aristoteles
640 991 747 1043 autem
774 979 840 1043 fore
863 978 983 1066 ubique
1006 1001 1114 1047 consc-

161 1080 304 1167 queutias
326 1075 431 1163 ponit,
453 1076 519 1143 aire
541 1092 694 1154 astruere,
717 1079 783 1145 sive
804 1079 969 1145 destruere
990 1078 1113 1157 doceat,

160 1182 243 1271 quod
251 1181 398 1268 positum
408 1191 467 1245 est.
498 1181 544 1245 Et
555 1180 634 1267 quia
644 1181 684 1247 ad
698 1203 797 1247 unum
810 1182 911 1247 multa
923 1195 1114 1268 sequuntur,

159 1283 305 1353 habenda
324 1294 375 1349 est
396 1281 491 1361 ratio,
506 1283 593 1349 unde
613 1287 706 1370 plura
726 1285 910 1365 astruendo,
926 1284 974 1349 rel
991 1284 1115 1350 destru-

160 1385 249 1462 endo,
272 1383 475 1470 proveniant.
528 1383 576 1449 Ut
597 1385 681 1450 enirn
704 1383 749 1449 ait
773 1384 981 1450 Aristoteles:
1012 1383 1116 1449 omnis

159 1486 215 1574 qui
229 1484 315 1551 dixit
329 1482 502 1570 quidlibet,
512 1484 750 1570 quodammodo
765 1485 867 1551 multa
878 1484 962 1550 dixit
977 1507 1017 1551 eo
1028 1481 1115 1568 quod

160 1585 252 1672 plura
266 1583 442 1670 uuicuique
457 1607 497 1651 ex
513 1586 698 1651 necessitate
711 1582 938 1671 consequentia
952 1596 1036 1649 sunt.
1066 1583 1115 1649 Ut

161 1687 215 1774 qui
230 1686 394 1755 bominem
409 1685 493 1755 dixit
508 1710 587 1760 esse,
603 1701 636 1754 et
658 1687 808 1773 quoniam
825 1699 873 1751 est
888 1684 1005 1750 animal
1020 1684 1116 1762 dixit,

160 1804 191 1857 st
202 1790 358 1876 quoniam
372 1789 561 1866 auimatum,
576 1803 610 1856 et
631 1787 783 1874 quoniam
799 1787 902 1873 bipes,
918 1798 949 1852 et
966 1784 1116 1873 quoniam

161 1890 286 1970 tuentia,
295 1898 330 1957 et
342 1887 510 1976 discipline
525 1888 741 1978 susceptibile.
780 1891 841 1956 Est
857 1904 962 1955 autem
980 1888 1118 1953 rationa-

164 1990 225 2057 bile
235 1989 464 2078 problemn,ad
478 1992 565 2078 quod
579 1993 834 2059 ratiocinationes
848 1992 931 2058 fiunt
946 2005 978 2057 et
994 1990 1116 2077 spissae,

163 2108 192 2161 et
207 2094 312 2161 bonus⁸
350 2096 454 2161 Totus
469 2094 578 2181 itaque
594 2095 752 2160 secundus
767 2094 847 2160 liber
861 2095 892 2160 in
909 2119 946 2161 eo
963 2106 1118 2173 versatur,

164 2196 249 2283 qnod
261 2194 361 2263 estde
370 2195 543 2263 accidente.
577 2198 622 2263 Et
633 2219 735 2283 quum
746 2211 892 2262 naturam
904 2195 1117 2262 accidentium

164 2297 329 2384 eleganter
340 2297 465 2376 doceat,
475 2307 540 2362 tam
557 2299 715 2365 rationum
731 2299 942 2377 firmitudine,
953 2320 1048 2385 quam
1064 2319 1119 2363 ea·

165 2399 340 2486 emplorum
355 2399 573 2486 jucunditate,
589 2400 629 2466 ad
649 2400 752 2466 multa
766 2401 953 2467 commodus
967 2414 1025 2467 est.
1071 2402 1117 2465 Et

165 2501 240 2588 quia
253 2500 356 2569 solum
372 2500 517 2568 accidens
538 2501 578 2567 ad
595 2504 864 2588 comparationem
888 2502 986 2578 venit,
1007 2501 1120 2569 tertius

165 2599 429 2690 comparabilium
450 2601 515 2665 vim
537 2602 651 2688 aperit,
667 2616 699 2669 et
721 2603 870 2669 insistens
892 2615 1016 2666 natnrae
1038 2602 1120 2665 acci·

167 2702 322 2778 dentium,
332 2725 408 2790 quae
419 2703 461 2769 sit
472 2703 610 2789 eligendi
622 2718 679 2771 aut
694 2705 839 2790 fugiendi
852 2703 945 2783 ratio,
954 2714 986 2768 et
997 2705 1029 2767 in
1042 2701 1120 2785 ipsis

166 2804 333 2893 eligendis,
343 2827 419 2891 quoe
434 2806 666 2891 praeelegenda,
681 2818 712 2872 et
729 2807 762 2870 in
778 2800 950 2890 fugiendis,
964 2825 1037 2889 quoe
1053 2823 1120 2887 prae

166 2906 288 2977 coeris
297 2905 463 2992 fugienda,
472 2906 662 2993 regulariter
674 2920 840 2972 monstrnt.
868 2907 920 2970 Ex
934 2927 996 2992 quo
1008 2902 1119 2989 liquet,

168 3023 324 3096 quantum
345 3009 414 3075 hoec
434 3010 601 3097 disciplina
615 3011 763 3097 Physicar
783 3023 815 3075 et
832 3009 959 3075 Ethicae
980 3005 1121 3092 prodest.

170 3113 274 3190 Quum
290 3111 362 3179 hoec
377 3110 555 3196 discipliuae
571 3111 740 3198 particula,
752 3112 784 3175 in
795 3108 982 3196 appetendis
992 3119 1025 3172 et
1036 3107 1122 3172 devi-

171 3211 284 3294 tandis,
298 3226 333 3279 et
347 3212 381 3278 iu
396 3212 544 3278 omuibus
558 3211 698 3298 denique
717 3207 990 3295 comparabilibus
1006 3207 1124 3293 vigeat,

170 3313 261 3399 plane
275 3314 376 3400 liujus
388 3312 452 3379 lata
467 3327 515 3379 est
529 3310 775 3388 commendatio,
787 3322 819 3375 et
831 3308 912 3376 male
928 3308 1122 3395 neglectusa

171 3414 343 3500 prioribus,
354 3436 426 3479 cum
443 3414 583 3479 utilitate
599 3411 781 3498 conspicua,
791 3424 823 3476 et
834 3410 1003 3477 verborum
1017 3411 1123 3498 gratia

167 3514 331 3600 jucundus
346 3517 399 3592 sit,
409 3527 441 3579 et
458 3527 523 3582 tam
540 3514 668 3579 Ethicoe
679 3535 775 3601 quom
789 3513 934 3599 Physicae
946 3513 1122 3600 plurimum

172 3619 280 3702 prosit.

307 3806 388 3892 Cap.
404 3806 434 3871 t.
461 3805 575 3871 Brevia
588 3806 672 3869 ratio
686 3808 810 3887 quarti,
824 3813 854 3870 ct
869 3808 985 3888 quinti.

211 3925 376 4003 Quamne
398 3934 505 3988 autem
529 3935 655 3988 exercet
677 3921 887 4007 problemata,
908 3947 983 4010 quae
1007 3937 1081 3990 sunt
1104 3945 1124 3988 a

171 4047 294 4110 genere,
317 4038 351 4090 et
365 4023 410 4089 sic
430 4025 557 4111 generis
572 4037 604 4090 et
625 4025 752 4111 speciei,
767 4040 799 4091 et
822 4025 922 4103 adse,
941 4042 973 4092 et
994 4026 1035 4089 ad
1050 4023 1124 4100 alia,

171 4126 395 4197 cohaerentiam
410 4127 514 4192 docet.
539 4131 585 4194 Ut
598 4125 758 4212 liquidum
771 4127 812 4191 sit
826 4127 985 4201 omnibus,
1001 4138 1124 4210 quanto

172 4224 340 4315 dispendio
350 4225 502 4312 temporis
512 4227 611 4290 nostri
621 4225 786 4310 neglectus
795 4221 1125 4309 sitapraeceptoribus

172 4331 295 4397 nostris.
364 4326 402 4391 ln
433 4327 492 4392 hac
522 4327 749 4414 speculatione,
779 4349 842 4390 uon
876 4322 972 4386 credo
1000 4321 1124 4388 diutius

173 4428 408 4499 immorandum
422 4455 429 4493 :
452 4451 553 4514 quum
570 4428 610 4494 do
622 4449 728 4493 rerum
741 4425 911 4511 generibus
921 4423 1023 4488 multa
1034 4447 1126 4510 supe.
