2992 5592
536 833 760 882 ENTHETIOUS.

175 991 320 1056 Flatibus
335 991 498 1057 assimulat
513 989 645 1054 subtilia
659 1010 792 1073 corpora
808 1000 940 1066 mentes,

260 1092 480 1178 Mentiturque
495 1093 558 1177 piis
573 1093 705 1174 praemia
719 1092 807 1156 nulla
821 1092 899 1156 dari.

172 1193 258 1268 Quid
275 1194 398 1273 deceat,
412 1195 534 1272 neseit3
550 1195 673 1272 Venus,
683 1195 764 1272 alea,
774 1216 915 1274 somnus,
926 1195 1052 1274 odores,
1064 1200 1128 1259 575

259 1296 376 1360 Crasse
390 1295 511 1375 culina,
520 1296 630 1380 jocus,
646 1297 722 1371 otia,
738 1296 814 1360 vina
823 1297 948 1381 juvant.

173 1395 249 1459 Istis
264 1395 424 1460 addantur
438 1398 581 1480 plausus,
597 1397 735 1473 fallacia,
750 1418 846 1479 nugae

258 1498 304 1560 Et
319 1496 475 1583 quicquid
491 1498 620 1575 mimus,
634 1498 759 1576 histrio,
775 1517 881 1561 scurra
896 1499 1044 1581 probant.

319 1598 410 1672 Quod
424 1597 594 1679 Epicurus
610 1618 722 1660 casum
737 1619 797 1680 pro
811 1597 882 1661 Deo
895 1599 978 1661 colit.

174 1699 377 1783 Mancipinm
394 1700 512 1761 ventris
527 1721 592 1762 nou
608 1714 708 1775 curat,
722 1699 801 1785 quid
816 1701 857 1764 sit
870 1700 1051 1774 honestum,

260 1800 499 1883 Fortunamque
517 1811 608 1881 putat
622 1800 764 1862 numinis
781 1821 851 1863 esse
866 1801 949 1878 loco,
1066 1803 1129 1863 580

174 1900 229 1964 Nil
244 1901 367 1965 ratione
382 1901 459 1983 geri,
474 1900 532 1964 sed
547 1923 624 1965 casn
640 1914 759 1965 cuncta
768 1925 777 1977 3
800 1904 948 1987 voluptas

260 2003 392 2066 Numen
407 2004 576 2082 excolitur,
592 2025 641 2067 res
657 2005 752 2083 mala,
767 2017 879 2068 venter
893 2005 987 2069 edax.

173 2105 230 2168 Nil
244 2106 407 2189 Epicurus
422 2116 517 2182 amat,
532 2107 595 2170 nisi
612 2107 699 2192 quod
716 2108 817 2170 ventri
832 2109 1014 2192 Venerique

262 2208 423 2285 Immolet,
437 2219 470 2271 at
485 2210 587 2272 ventri
603 2209 732 2272 victima
746 2211 848 2295 prima
865 2211 961 2274 cadit.

175 2308 327 2395 Ordoque
341 2312 554 2374 membrorum
572 2311 720 2376 vitiorum
736 2314 881 2396 germina
896 2315 1005 2388 nutrit,
1063 2318 1127 2376 585

261 2412 307 2474 Et
321 2413 396 2494 gula
411 2412 467 2476 dat
481 2414 600 2477 Veneri
615 2415 750 2493 semina,
766 2438 920 2501 spemque
937 2415 1034 2479 soret.

405 2516 486 2588 Quis
490 2517 629 2596 fructus
643 2516 892 2598 Epicureorum.

174 2615 299 2692 Hostia,
313 2637 409 2701 quam
425 2630 542 2682 mactat
557 2620 675 2682 ventris
692 2621 891 2703 Venerisque
908 2616 1069 2690 sacerdos,

262 2714 413 2798 Congrua
427 2736 485 2800 pro
502 2719 621 2781 meritis
635 2720 769 2801 praemia
783 2739 910 2800 semper
926 2717 1033 2781 habet.

174 2816 310 2881 Praemia
325 2819 496 2882 mactantis
511 2830 586 2882 sunt
601 2821 703 2901 ignes,
718 2831 871 2898 stercora,
886 2839 1031 2893 vernres3

261 2918 351 2983 Telis
366 2920 453 2983 enim
468 2940 591 2983 merces
606 2916 683 2983 telin
698 2940 790 2983 sacra
804 2919 907 2982 decet.
1068 2923 1131 2984 590

175 3023 243 3085 Ista
257 3022 430 3105 voluptatis
444 3021 570 3085 stolidae
584 3031 660 3084 sunt
673 3020 800 3104 gaudia,
814 3020 889 3083 finis

262 3124 404 3186 Ultimus
420 3144 571 3202 aerumna,
587 3123 690 3205 gloria
704 3144 829 3186 summa
843 3119 958 3206 pudor.

174 3223 318 3288 Numina
332 3224 431 3307 digna
445 3225 545 3288 sacris
559 3235 634 3288 sunt
648 3238 680 3288 et
694 3245 784 3288 sacra
799 3224 930 3287 numine
946 3224 1046 3306 digna

260 3327 307 3389 Et
321 3328 426 3390 cultor
441 3326 544 3403 Deus,
561 3328 666 3391 cultor
679 3338 713 3390 et
728 3328 799 3410 ipse
817 3328 898 3390 Deo.

385 3430 436 3493 Da
451 3430 599 3510 dogmate
617 3429 914 3513 Peripateticorum.

175 3531 393 3617 Philosophus
408 3533 510 3614 agiles
525 3534 626 3616 agitat
640 3533 798 3598 discussio
814 3555 928 3610 rerum,
1066 3538 1130 3599 595

267 3635 310 3699 Ut
325 3656 435 3700 verum
450 3635 576 3718 possint
591 3637 678 3701 sonte
694 3636 802 3700 videre
818 3657 886 3699 sno.
931 3721 933 3725 Ι

176 3740 251 3804 Veri
267 3740 351 3814 lons,
367 3736 441 3802 idea
454 3739 544 3815 boni,
561 3739 647 3825 quod
663 3748 752 3818 sunt,
767 3740 844 3803 lacit
859 3761 929 3804 esse

261 3843 394 3925 Singula
409 3864 467 3925 pro
484 3842 612 3924 generis
627 3841 814 3907 conditione
830 3843 889 3906 sui.

177 3942 251 4006 Hoc
266 3963 367 4005 rerum
385 3964 491 4006 caussa
508 3953 638 4006 manant
654 3942 810 4018 delente,
826 3944 957 4026 suisque

260 4045 474 4129 Respondent
489 4047 594 4110 causis
609 4047 717 4111 omnia
731 4049 802 4130 lege
817 4046 902 4111 date.
1066 4048 1129 4108 600

348 4147 401 4211 De
416 4150 484 4230 lege
498 4154 628 4212 nature
644 4155 675 4211 ct
688 4155 813 4211 nutura
827 4154 946 4211 creatu.

177 4249 245 4311 Lex
260 4260 310 4312 est
324 4270 492 4314 cansarum
508 4251 616 4327 series,
632 4264 744 4315 natura
762 4264 870 4314 creata

262 4351 408 4416 Effectus
422 4353 526 4416 causis
542 4351 748 4416 assimilando
763 4353 856 4436 parit

178 4451 352 4516 Causarum
369 4455 483 4517 seriem
498 4453 641 4537 disponit
657 4475 782 4517 summa
797 4464 946 4536 potestas,

225 4573 297 4618 vor..
316 4575 346 4621 v.
662 4575 678 4616 s
