2992 5592
279 785 487 860 cnr.xxv11.]
632 800 876 847 usrsnoorcus.
1172 789 1231 847 188

279 962 342 1026 rot,
357 953 597 1032 neqliyendum.
643 953 693 1014 De
709 950 860 1037 captiosis
874 963 979 1015 autem
996 961 1094 1036 atque
1108 949 1228 1013 fallaci-

278 1051 336 1115 bus
353 1051 541 1115 ratiunculis
556 1051 652 1116 breve
673 1064 871 1136 praeceptum
887 1065 953 1116 est:
983 1052 1008 1115 si
1023 1051 1104 1114 male
1120 1073 1229 1113 conce·

276 1150 381 1215 dendo
403 1151 598 1229 inferuntur,
614 1152 653 1215 sd
670 1175 718 1227 ea,
735 1175 810 1236 quae
824 1175 969 1216 concessa
992 1166 1076 1228 sunt,
1093 1153 1227 1214 redeun-

276 1253 352 1318 dum
377 1275 453 1316 esse.
501 1253 533 1315 Si
557 1274 667 1316 verum
691 1253 872 1338 falsumque
895 1254 926 1317 in
947 1274 1010 1316 una
1028 1251 1228 1315 conclusione

275 1352 463 1437 confligunt,
480 1352 698 1439 accipiendum
714 1352 788 1417 inde
804 1355 889 1440 quod
906 1353 1113 1438 intelligitur:
1138 1351 1227 1438 quod

275 1455 425 1541 explicari
441 1477 503 1518 nou
519 1467 635 1540 potest,
647 1455 902 1542 relinquendum.
935 1455 967 1518 Si
983 1466 1089 1517 autern
1103 1453 1227 1529 modus,

274 1558 305 1620 in
325 1556 488 1643 aliquibus
508 1558 616 1631 rebus,
631 1557 710 1621 latet
731 1557 856 1642 penitus
877 1557 1049 1631 hominem,
1065 1553 1226 1617 scientiam

274 1658 344 1742 ejus
359 1681 422 1724 non
438 1681 504 1722 esse
518 1657 735 1743 quaerendam.

274 1914 352 1997 Cap.
369 1919 422 1976 27.
455 1915 547 1987 Quod
560 1913 743 1977 Aristoteles
757 1915 794 1976 in
809 1914 920 1975 multis
940 1913 1071 1990 erravit,
1086 1907 1170 1992 quod
1190 1912 1226 1973 in

619 2013 741 2096 Logica
758 2015 885 2077 eminet.

316 2175 403 2237 Huc
424 2174 576 2237 adversus
592 2174 810 2239 Cornificium.
856 2173 1018 2238 Caeterum
1034 2185 1144 2237 contra
1159 2191 1225 2248 eos,

274 2271 327 2355 qui
344 2285 487 2336 veterum
504 2274 623 2349 favore,
640 2274 778 2357 potiores
794 2272 979 2340 Aristotelis
998 2273 1096 2337 libros
1119 2270 1226 2335 exelu-

273 2369 364 2450 dunt,
386 2373 517 2436 Boethio
532 2375 597 2438 fere
621 2374 686 2439 solo
706 2375 858 2451 contenti,
876 2388 1002 2461 possent
1022 2373 1161 2458 plurime
1181 2370 1226 2435 al-

274 2470 382 2558 legari.
426 2475 489 2538 Sed
516 2498 578 2539 non
605 2487 741 2561 oportet,
766 2476 843 2559 quis
868 2478 973 2563 palam
996 2489 1043 2540 est
1065 2474 1225 2550 omnibus,

272 2596 375 2659 usque
400 2575 441 2637 ad
468 2575 712 2653 miserationem,
736 2577 933 2663 imperfectio
954 2577 1092 2649 illorum,
1115 2575 1170 2659 qui
1193 2573 1225 2637 in

272 2675 337 2738 sola
357 2677 493 2741 Boethio
514 2691 641 2765 tempus
662 2691 694 2742 et
717 2701 782 2742 rem
808 2690 1083 2763 consumpserunt,
1103 2687 1140 2738 ut
1158 2676 1225 2738 fere

271 2777 349 2840 nibil
372 2781 484 2843 sciant.
530 2781 599 2843 Nec
622 2792 727 2843 tamen
752 2779 958 2843 Aristotelem
984 2777 1106 2860 ubique
1131 2774 1224 2860 plane

270 2892 323 2942 eut
337 2879 480 2956 sensisse,
492 2893 548 2943 aut
561 2880 679 2946 dixisse
695 2888 865 2964 protestor,
879 2891 914 2943 ut
927 2889 1159 2941 sacrosanctum
1171 2878 1225 2965 sit,

268 2978 424 3063 quicquid
437 2979 572 3065 scripsit.
609 2982 690 3044 Nam
703 2982 735 3043 in
748 2980 906 3066 pluribus,
917 2980 1080 3044 obtinente
1091 2976 1224 3056 ratione,

267 3092 299 3143 et
313 3077 505 3141 auctoritate
520 3078 606 3157 fidei,
617 3079 816 3144 convincitur
831 3103 964 3145 errasse:
989 3078 1148 3164 siquidem
1162 3101 1225 3142 nou

267 3177 368 3242 modo
383 3177 561 3241 studiosum
574 3180 761 3265 quemlibet,
773 3180 827 3244 sed
839 3194 871 3245 et
888 3183 994 3244 Deum
1006 3180 1110 3264 ipsum
1127 3201 1226 3266 prave

269 3303 361 3366 posse
384 3280 582 3344 committere
604 3282 725 3347 asserit.
772 3283 868 3357 Item,
890 3281 1122 3369 providentiam
1150 3281 1224 3359 Dei,

268 3379 427 3466 usquead
445 3382 604 3465 regionem
630 3383 734 3446 Lunre
756 3381 906 3469 progredi
927 3381 1100 3446 diffitetur:
1131 3395 1163 3447 et
1189 3395 1225 3447 ut

269 3481 496 3546 divinationem
514 3481 604 3547 tollat
622 3482 948 3568 praenoscentiamque
963 3483 1160 3565 futurorum,
1174 3505 1223 3546 os·

269 3583 343 3646 serit
356 3582 506 3646 inferiora
516 3606 577 3645 non
591 3583 657 3669 regi
670 3605 729 3670 per
739 3582 856 3649 divinae
868 3583 994 3648 decreta
1004 3582 1222 3670 providentioe‚

269 3706 326 3746 nec
341 3683 526 3768 angelorum
549 3683 700 3768 prodesse
715 3706 820 3769 opem,
835 3696 891 3749 aut
907 3686 1089 3750 daemonum
1111 3687 1144 3750 in
1163 3686 1223 3767 his,

269 3785 372 3848 autin
389 3783 507 3847 futuris
524 3783 663 3868 aliquam
688 3807 755 3848 esse
776 3784 1040 3870 perspicientiam.
1086 3789 1168 3852 Sunt
1190 3798 1222 3850 et

270 3883 362 3948 multi
389 3906 510 3947 errores
532 3884 612 3968 ejus,
635 3883 691 3970 qui
719 3883 749 3947 in
777 3885 943 3971 scripturis
971 3899 1035 3948 tam
1064 3885 1222 3963 Etbnieis,

267 4007 365 4070 quam
388 3984 538 4048 fidelibus
559 3998 711 4070 poterunt
738 3984 890 4050 inveniri:
922 4009 1033 4050 verum
1060 3985 1091 4049 iu
1118 3987 1223 4071 logica

268 4109 374 4169 parem
398 4087 546 4150 babuisse
568 4110 630 4150 non
653 4086 781 4170 legitur.
827 4088 923 4151 Unde
948 4088 992 4150 sic
1018 4084 1222 4170 accipiendus

270 4201 329 4263 est,
346 4201 382 4252 ut
397 4188 436 4251 od
454 4189 684 4274 promovendos
701 4190 839 4274 juvenes
854 4188 895 4252 ad
910 4187 1065 4272 gravioris
1083 4185 1223 4269 pbiloso-

270 4289 355 4375 phiae
375 4289 532 4368 instituta,
548 4290 659 4354 doctor
683 4289 735 4366 sit,
751 4312 812 4353 non
836 4310 973 4364 morum,
990 4285 1044 4348 sed
1067 4284 1223 4370 discepte-

270 4402 405 4455 tionum.
