<?xml version="1.0" encoding="UTF-8"?>
<!DOCTYPE html PUBLIC "-//W3C//DTD XHTML 1.0 Transitional//EN"
    "http://www.w3.org/TR/xhtml1/DTD/xhtml1-transitional.dtd">
<html xmlns="http://www.w3.org/1999/xhtml" xml:lang="en" lang="en">
 <head>
  <title>
</title>
<meta http-equiv="Content-Type" content="text/html;charset=utf-8" />
  <meta name='ocr-system' content='tesseract 3.04.00' />
  <meta name='ocr-capabilities' content='ocr_page ocr_carea ocr_par ocr_line ocrx_word'/>
</head>
<body>
  <div class='ocr_page' id='page_1' title='image "./joannissaresber15johngoog_0265.png"; bbox 0 0 2992 5592; ppageno 0'>
   <div class='ocr_carea' id='block_1_1' title="bbox 541 816 1129 877">
    <p class='ocr_par' dir='ltr' id='par_1_1' title="bbox 541 816 1129 877">
     <span class='ocr_line' id='line_1_1' title="bbox 541 816 1129 877; baseline 0.003 -3"><span class='ocrx_word' id='word_1_1' title='bbox 541 830 763 876; x_wconf 80' lang='lat' dir='ltr'>nuruurrcus.</span> <span class='ocrx_word' id='word_1_2' title='bbox 1068 816 1129 877; x_wconf 72' lang='lat'>251</span> 
     </span>
    </p>
   </div>
   <div class='ocr_carea' id='block_1_2' title="bbox 129 983 1152 4520">
    <p class='ocr_par' dir='ltr' id='par_1_2' title="bbox 129 983 1152 4520">
     <span class='ocr_line' id='line_1_2' title="bbox 129 983 1121 1071; baseline 0 -27"><span class='ocrx_word' id='word_1_3' title='bbox 129 1068 131 1071; x_wconf 7' lang='grc' dir='ltr'>ᾖ</span> <span class='ocrx_word' id='word_1_4' title='bbox 199 983 290 1056; x_wconf 81' lang='lat' dir='ltr'>Quod</span> <span class='ocrx_word' id='word_1_5' title='bbox 304 985 423 1047; x_wconf 79' lang='lat' dir='ltr'>veritae</span> <span class='ocrx_word' id='word_1_6' title='bbox 438 989 483 1045; x_wconf 60' lang='lat' dir='ltr'>cst</span> <span class='ocrx_word' id='word_1_7' title='bbox 497 1003 595 1046; x_wconf 82' lang='lat' dir='ltr'>aacrae</span> <span class='ocrx_word' id='word_1_8' title='bbox 603 985 854 1064; x_wconf 78' lang='lat' dir='ltr'>poginoeforma</span> <span class='ocrx_word' id='word_1_9' title='bbox 870 987 901 1045; x_wconf 80' lang='lat' dir='ltr'>et</span> <span class='ocrx_word' id='word_1_10' title='bbox 916 983 977 1044; x_wconf 72' lang='lat' dir='ltr'>luc</span> <span class='ocrx_word' id='word_1_11' title='bbox 991 985 1121 1047; x_wconf 76' lang='lat' dir='ltr'>anima.</span> 
     </span>
     <span class='ocr_line' id='line_1_3' title="bbox 184 1083 1036 1168; baseline 0.001 -24"><span class='ocrx_word' id='word_1_12' title='bbox 184 1083 299 1146; x_wconf 87' lang='lat' dir='ltr'>Forma</span> <span class='ocrx_word' id='word_1_13' title='bbox 316 1083 444 1168; x_wconf 87' lang='lat' dir='ltr'>quidem</span> <span class='ocrx_word' id='word_1_14' title='bbox 462 1106 511 1146; x_wconf 90' lang='lat' dir='ltr'>res</span> <span class='ocrx_word' id='word_1_15' title='bbox 526 1096 584 1156; x_wconf 85' lang='lat' dir='ltr'>est,</span> <span class='ocrx_word' id='word_1_16' title='bbox 601 1105 640 1145; x_wconf 84' lang='lat' dir='ltr'>ex</span> <span class='ocrx_word' id='word_1_17' title='bbox 657 1105 722 1168; x_wconf 85' lang='lat' dir='ltr'>qna</span> <span class='ocrx_word' id='word_1_18' title='bbox 737 1106 787 1147; x_wconf 88' lang='lat' dir='ltr'>res</span> <span class='ocrx_word' id='word_1_19' title='bbox 803 1105 877 1146; x_wconf 87' lang='lat' dir='ltr'>vera</span> <span class='ocrx_word' id='word_1_20' title='bbox 892 1096 1036 1160; x_wconf 87' lang='lat' dir='ltr'>vocatur,</span> 
     </span>
     <span class='ocr_line' id='line_1_4' title="bbox 271 1182 1117 1269; baseline -0.002 -19"><span class='ocrx_word' id='word_1_21' title='bbox 271 1184 365 1250; x_wconf 89' lang='lat' dir='ltr'>Unde</span> <span class='ocrx_word' id='word_1_22' title='bbox 381 1185 429 1258; x_wconf 86' lang='lat' dir='ltr'>fit,</span> <span class='ocrx_word' id='word_1_23' title='bbox 445 1197 481 1248; x_wconf 89' lang='lat' dir='ltr'>ut</span> <span class='ocrx_word' id='word_1_24' title='bbox 498 1193 631 1258; x_wconf 89' lang='lat' dir='ltr'>constet,</span> <span class='ocrx_word' id='word_1_25' title='bbox 647 1183 736 1268; x_wconf 91' lang='lat' dir='ltr'>quod</span> <span class='ocrx_word' id='word_1_26' title='bbox 754 1207 841 1248; x_wconf 82' lang='lat' dir='ltr'>sacra</span> <span class='ocrx_word' id='word_1_27' title='bbox 858 1182 977 1269; x_wconf 86' lang='lat' dir='ltr'>scripta</span> <span class='ocrx_word' id='word_1_28' title='bbox 992 1183 1117 1248; x_wconf 88' lang='lat' dir='ltr'>docent.</span> 
     </span>
     <span class='ocr_line' id='line_1_5' title="bbox 185 1282 833 1370; baseline 0.005 -24"><span class='ocrx_word' id='word_1_29' title='bbox 185 1282 243 1348; x_wconf 86' lang='lat' dir='ltr'>Est</span> <span class='ocrx_word' id='word_1_30' title='bbox 259 1283 329 1349; x_wconf 86' lang='lat' dir='ltr'>idea</span> <span class='ocrx_word' id='word_1_31' title='bbox 344 1287 418 1349; x_wconf 92' lang='lat' dir='ltr'>boni</span> <span class='ocrx_word' id='word_1_32' title='bbox 436 1309 581 1350; x_wconf 88' lang='lat' dir='ltr'>verorum</span> <span class='ocrx_word' id='word_1_33' title='bbox 597 1285 668 1349; x_wconf 79' lang='lat' dir='ltr'>fons</span> <span class='ocrx_word' id='word_1_34' title='bbox 683 1297 715 1349; x_wconf 88' lang='lat' dir='ltr'>et</span> <span class='ocrx_word' id='word_1_35' title='bbox 729 1285 833 1370; x_wconf 88' lang='lat' dir='ltr'>origo,</span> 
     </span>
     <span class='ocr_line' id='line_1_6' title="bbox 270 1388 893 1465; baseline 0.002 -14"><span class='ocrx_word' id='word_1_36' title='bbox 270 1390 413 1465; x_wconf 87' lang='lat' dir='ltr'>Quorum</span> <span class='ocrx_word' id='word_1_37' title='bbox 430 1412 525 1452; x_wconf 85' lang='lat' dir='ltr'>causa</span> <span class='ocrx_word' id='word_1_38' title='bbox 540 1388 619 1452; x_wconf 83' lang='lat' dir='ltr'>nitet</span> <span class='ocrx_word' id='word_1_39' title='bbox 635 1388 666 1451; x_wconf 94' lang='lat' dir='ltr'>in</span> <span class='ocrx_word' id='word_1_40' title='bbox 683 1389 804 1453; x_wconf 86' lang='lat' dir='ltr'>ratione</span> <span class='ocrx_word' id='word_1_41' title='bbox 822 1388 893 1452; x_wconf 89' lang='lat' dir='ltr'>Dei.</span> 
     </span>
     <span class='ocr_line' id='line_1_7' title="bbox 186 1489 1137 1566; baseline 0 -13"><span class='ocrx_word' id='word_1_42' title='bbox 186 1491 262 1554; x_wconf 85' lang='lat' dir='ltr'>Lux</span> <span class='ocrx_word' id='word_1_43' title='bbox 278 1513 408 1555; x_wconf 92' lang='lat' dir='ltr'>accensa</span> <span class='ocrx_word' id='word_1_44' title='bbox 423 1490 516 1553; x_wconf 88' lang='lat' dir='ltr'>nimis</span> <span class='ocrx_word' id='word_1_45' title='bbox 530 1503 561 1554; x_wconf 91' lang='lat' dir='ltr'>et</span> <span class='ocrx_word' id='word_1_46' title='bbox 579 1512 641 1553; x_wconf 93' lang='lat' dir='ltr'>non</span> <span class='ocrx_word' id='word_1_47' title='bbox 657 1513 786 1553; x_wconf 85' lang='lat' dir='ltr'>aceensa</span> <span class='ocrx_word' id='word_1_48' title='bbox 801 1489 943 1566; x_wconf 85' lang='lat' dir='ltr'><strong>caducis,</strong></span> <span class='ocrx_word' id='word_1_49' title='bbox 1074 1495 1137 1555; x_wconf 74' lang='lat'>385</span> 
     </span>
     <span class='ocr_line' id='line_1_8' title="bbox 271 1591 971 1672; baseline -0.003 -14"><span class='ocrx_word' id='word_1_50' title='bbox 271 1597 318 1658; x_wconf 90' lang='lat' dir='ltr'>Ut</span> <span class='ocrx_word' id='word_1_51' title='bbox 335 1591 463 1656; x_wconf 88' lang='lat' dir='ltr'>videant</span> <span class='ocrx_word' id='word_1_52' title='bbox 479 1592 632 1672; x_wconf 86' lang='lat' dir='ltr'>homines,</span> <span class='ocrx_word' id='word_1_53' title='bbox 649 1615 680 1654; x_wconf 89' lang='lat' dir='ltr'>se</span> <span class='ocrx_word' id='word_1_54' title='bbox 698 1592 869 1655; x_wconf 90' lang='lat' dir='ltr'>minuendo</span> <span class='ocrx_word' id='word_1_55' title='bbox 882 1591 971 1656; x_wconf 80' lang='lat' dir='ltr'><strong>facit.</strong></span> 
     </span>
     <span class='ocr_line' id='line_1_9' title="bbox 187 1690 1016 1778; baseline -0.002 -24"><span class='ocrx_word' id='word_1_56' title='bbox 187 1690 304 1755; x_wconf 90' lang='lat' dir='ltr'><strong>Nullus</strong></span> <span class='ocrx_word' id='word_1_57' title='bbox 319 1692 401 1755; x_wconf 87' lang='lat' dir='ltr'>enirn</span> <span class='ocrx_word' id='word_1_58' title='bbox 420 1704 517 1755; x_wconf 83' lang='lat' dir='ltr'>toturn</span> <span class='ocrx_word' id='word_1_59' title='bbox 535 1704 684 1778; x_wconf 87' lang='lat' dir='ltr'>caperet;</span> <span class='ocrx_word' id='word_1_60' title='bbox 709 1714 741 1753; x_wconf 86' lang='lat' dir='ltr'>se</span> <span class='ocrx_word' id='word_1_61' title='bbox 759 1704 913 1777; x_wconf 79' lang='lat' dir='ltr'>temperat</span> <span class='ocrx_word' id='word_1_62' title='bbox 929 1714 1016 1775; x_wconf 82' lang='lat' dir='ltr'>ergo,</span> 
     </span>
     <span class='ocr_line' id='line_1_10' title="bbox 273 1790 909 1880; baseline 0.005 -24"><span class='ocrx_word' id='word_1_63' title='bbox 273 1795 321 1857; x_wconf 95' lang='lat' dir='ltr'>Ut</span> <span class='ocrx_word' id='word_1_64' title='bbox 338 1807 435 1879; x_wconf 83' lang='lat' dir='ltr'><strong>queat</strong></span> <span class='ocrx_word' id='word_1_65' title='bbox 452 1790 596 1856; x_wconf 83' lang='lat' dir='ltr'>infirmus</span> <span class='ocrx_word' id='word_1_66' title='bbox 612 1791 699 1856; x_wconf 89' lang='lat' dir='ltr'>illius</span> <span class='ocrx_word' id='word_1_67' title='bbox 715 1815 783 1857; x_wconf 83' lang='lat' dir='ltr'>esse</span> <span class='ocrx_word' id='word_1_68' title='bbox 798 1816 909 1880; x_wconf 85' lang='lat' dir='ltr'>capax.</span> 
     </span>
     <span class='ocr_line' id='line_1_11' title="bbox 188 1894 902 1981; baseline 0.003 -25"><span class='ocrx_word' id='word_1_69' title='bbox 188 1896 269 1958; x_wconf 84' lang='lat' dir='ltr'>Haec</span> <span class='ocrx_word' id='word_1_70' title='bbox 285 1894 394 1958; x_wconf 88' lang='lat' dir='ltr'>eadem</span> <span class='ocrx_word' id='word_1_71' title='bbox 412 1918 487 1958; x_wconf 86' lang='lat' dir='ltr'>vero</span> <span class='ocrx_word' id='word_1_72' title='bbox 501 1894 556 1958; x_wconf 88' lang='lat' dir='ltr'>dat</span> <span class='ocrx_word' id='word_1_73' title='bbox 573 1916 685 1957; x_wconf 89' lang='lat' dir='ltr'>nomen</span> <span class='ocrx_word' id='word_1_74' title='bbox 701 1895 902 1981; x_wconf 85' lang='lat' dir='ltr'>participata,</span> 
     </span>
     <span class='ocr_line' id='line_1_12' title="bbox 274 1995 1141 2085; baseline 0 -25"><span class='ocrx_word' id='word_1_75' title='bbox 274 2000 357 2061; x_wconf 87' lang='lat' dir='ltr'>Nam</span> <span class='ocrx_word' id='word_1_76' title='bbox 374 1997 518 2085; x_wconf 87' lang='lat' dir='ltr'>subjecta</span> <span class='ocrx_word' id='word_1_77' title='bbox 533 1996 592 2061; x_wconf 89' lang='lat' dir='ltr'>sibi</span> <span class='ocrx_word' id='word_1_78' title='bbox 608 1995 714 2060; x_wconf 85' lang='lat' dir='ltr'>dicere</span> <span class='ocrx_word' id='word_1_79' title='bbox 729 2019 805 2060; x_wconf 86' lang='lat' dir='ltr'>vera</span> <span class='ocrx_word' id='word_1_80' title='bbox 820 2009 934 2082; x_wconf 88' lang='lat' dir='ltr'>potest.</span> <span class='ocrx_word' id='word_1_81' title='bbox 1078 2003 1141 2060; x_wconf 82' lang='lat'>390</span> 
     </span>
     <span class='ocr_line' id='line_1_13' title="bbox 189 2097 1039 2187; baseline 0.002 -27"><span class='ocrx_word' id='word_1_82' title='bbox 189 2098 263 2161; x_wconf 89' lang='lat' dir='ltr'>Lux</span> <span class='ocrx_word' id='word_1_83' title='bbox 281 2099 395 2165; x_wconf 84' lang='lat' dir='ltr'><strong>animae</strong></span> <span class='ocrx_word' id='word_1_84' title='bbox 411 2121 534 2174; x_wconf 85' lang='lat' dir='ltr'>verum,</span> <span class='ocrx_word' id='word_1_85' title='bbox 551 2097 616 2161; x_wconf 87' lang='lat' dir='ltr'>sine</span> <span class='ocrx_word' id='word_1_86' title='bbox 632 2121 698 2187; x_wconf 90' lang='lat' dir='ltr'>quo</span> <span class='ocrx_word' id='word_1_87' title='bbox 713 2099 868 2166; x_wconf 81' lang='lat' dir='ltr'><strong>brutescit</strong></span> <span class='ocrx_word' id='word_1_88' title='bbox 885 2109 918 2162; x_wconf 86' lang='lat' dir='ltr'>et</span> <span class='ocrx_word' id='word_1_89' title='bbox 932 2122 1039 2163; x_wconf 86' lang='lat' dir='ltr'>errans</span> 
     </span>
     <span class='ocr_line' id='line_1_14' title="bbox 275 2199 927 2287; baseline 0.006 -24"><span class='ocrx_word' id='word_1_90' title='bbox 275 2203 325 2263; x_wconf 91' lang='lat' dir='ltr'>De</span> <span class='ocrx_word' id='word_1_91' title='bbox 341 2200 415 2265; x_wconf 84' lang='lat' dir='ltr'>vitio</span> <span class='ocrx_word' id='word_1_92' title='bbox 431 2199 461 2263; x_wconf 94' lang='lat' dir='ltr'>in</span> <span class='ocrx_word' id='word_1_93' title='bbox 480 2199 591 2264; x_wconf 88' lang='lat' dir='ltr'><strong>vitium</strong></span> <span class='ocrx_word' id='word_1_94' title='bbox 609 2200 819 2287; x_wconf 81' lang='lat' dir='ltr'>praecipitata,</span> <span class='ocrx_word' id='word_1_95' title='bbox 834 2200 927 2287; x_wconf 90' lang='lat' dir='ltr'>perit.</span> 
     </span>
     <span class='ocr_line' id='line_1_15' title="bbox 192 2301 949 2389; baseline 0.004 -25"><span class='ocrx_word' id='word_1_96' title='bbox 192 2301 343 2366; x_wconf 83' lang='lat' dir='ltr'>Materies</span> <span class='ocrx_word' id='word_1_97' title='bbox 359 2302 496 2388; x_wconf 83' lang='lat' dir='ltr'>pretiosa</span> <span class='ocrx_word' id='word_1_98' title='bbox 512 2302 615 2382; x_wconf 90' lang='lat' dir='ltr'>nimis,</span> <span class='ocrx_word' id='word_1_99' title='bbox 630 2302 725 2367; x_wconf 88' lang='lat' dir='ltr'>nimis</span> <span class='ocrx_word' id='word_1_100' title='bbox 740 2316 816 2389; x_wconf 90' lang='lat' dir='ltr'>apta</span> <span class='ocrx_word' id='word_1_101' title='bbox 831 2303 949 2382; x_wconf 89' lang='lat' dir='ltr'>decori,</span> 
     </span>
     <span class='ocr_line' id='line_1_16' title="bbox 279 2404 1005 2492; baseline 0.007 -28"><span class='ocrx_word' id='word_1_102' title='bbox 279 2404 506 2490; x_wconf 85' lang='lat' dir='ltr'>Artificemque</span> <span class='ocrx_word' id='word_1_103' title='bbox 522 2427 615 2468; x_wconf 86' lang='lat' dir='ltr'>suum</span> <span class='ocrx_word' id='word_1_104' title='bbox 632 2404 734 2470; x_wconf 83' lang='lat' dir='ltr'>forma</span> <span class='ocrx_word' id='word_1_105' title='bbox 750 2404 865 2468; x_wconf 90' lang='lat' dir='ltr'>decora</span> <span class='ocrx_word' id='word_1_106' title='bbox 879 2410 1005 2492; x_wconf 92' lang='lat' dir='ltr'>probat.</span> 
     </span>
     <span class='ocr_line' id='line_1_17' title="bbox 191 2505 1141 2593; baseline 0.002 -24"><span class='ocrx_word' id='word_1_107' title='bbox 191 2507 248 2570; x_wconf 86' lang='lat' dir='ltr'>Est</span> <span class='ocrx_word' id='word_1_108' title='bbox 267 2505 337 2568; x_wconf 89' lang='lat' dir='ltr'>idea</span> <span class='ocrx_word' id='word_1_109' title='bbox 352 2520 464 2592; x_wconf 87' lang='lat' dir='ltr'>potens</span> <span class='ocrx_word' id='word_1_110' title='bbox 481 2506 546 2569; x_wconf 86' lang='lat' dir='ltr'>veri</span> <span class='ocrx_word' id='word_1_111' title='bbox 563 2507 752 2583; x_wconf 88' lang='lat' dir='ltr'>substantia,</span> <span class='ocrx_word' id='word_1_112' title='bbox 768 2530 842 2593; x_wconf 83' lang='lat' dir='ltr'>quae</span> <span class='ocrx_word' id='word_1_113' title='bbox 860 2530 923 2570; x_wconf 90' lang='lat' dir='ltr'>rem</span> <span class='ocrx_word' id='word_1_114' title='bbox 1078 2514 1141 2571; x_wconf 80' lang='lat'>395</span> 
     </span>
     <span class='ocr_line' id='line_1_18' title="bbox 278 2606 1034 2692; baseline 0 -21"><span class='ocrx_word' id='word_1_115' title='bbox 278 2606 464 2680; x_wconf 85' lang='lat' dir='ltr'><strong>Quamlibet</strong></span> <span class='ocrx_word' id='word_1_116' title='bbox 480 2608 629 2671; x_wconf 85' lang='lat' dir='ltr'>informat</span> <span class='ocrx_word' id='word_1_117' title='bbox 646 2607 765 2671; x_wconf 80' lang='lat' dir='ltr'>etfacit</span> <span class='ocrx_word' id='word_1_118' title='bbox 779 2631 857 2683; x_wconf 87' lang='lat' dir='ltr'>esse,</span> <span class='ocrx_word' id='word_1_119' title='bbox 873 2607 960 2692; x_wconf 92' lang='lat' dir='ltr'>quod</span> <span class='ocrx_word' id='word_1_120' title='bbox 977 2623 1034 2671; x_wconf 87' lang='lat' dir='ltr'>est.</span> 
     </span>
     <span class='ocr_line' id='line_1_19' title="bbox 192 2707 1093 2796; baseline -0.002 -22"><span class='ocrx_word' id='word_1_121' title='bbox 192 2714 304 2788; x_wconf 90' lang='lat' dir='ltr'>Omne,</span> <span class='ocrx_word' id='word_1_122' title='bbox 320 2709 406 2796; x_wconf 91' lang='lat' dir='ltr'>quod</span> <span class='ocrx_word' id='word_1_123' title='bbox 422 2723 470 2774; x_wconf 85' lang='lat' dir='ltr'>est</span> <span class='ocrx_word' id='word_1_124' title='bbox 485 2732 605 2782; x_wconf 78' lang='lat' dir='ltr'>verum,</span> <span class='ocrx_word' id='word_1_125' title='bbox 622 2709 781 2772; x_wconf 85' lang='lat' dir='ltr'>convincit</span> <span class='ocrx_word' id='word_1_126' title='bbox 796 2709 899 2771; x_wconf 87' lang='lat' dir='ltr'>forma</span> <span class='ocrx_word' id='word_1_127' title='bbox 915 2707 963 2770; x_wconf 89' lang='lat' dir='ltr'>vel</span> <span class='ocrx_word' id='word_1_128' title='bbox 980 2723 1093 2780; x_wconf 86' lang='lat' dir='ltr'>actus;</span> 
     </span>
     <span class='ocr_line' id='line_1_20' title="bbox 279 2809 1035 2894; baseline -0.005 -17"><span class='ocrx_word' id='word_1_129' title='bbox 279 2816 346 2881; x_wconf 80' lang='lat' dir='ltr'>Nec</span> <span class='ocrx_word' id='word_1_130' title='bbox 361 2811 476 2875; x_wconf 80' lang='lat' dir='ltr'><strong>falsum</strong></span> <span class='ocrx_word' id='word_1_131' title='bbox 493 2810 632 2884; x_wconf 83' lang='lat' dir='ltr'><strong>dubites,</strong></span> <span class='ocrx_word' id='word_1_132' title='bbox 649 2810 674 2872; x_wconf 86' lang='lat' dir='ltr'>si</span> <span class='ocrx_word' id='word_1_133' title='bbox 690 2809 770 2894; x_wconf 91' lang='lat' dir='ltr'><strong>quid</strong></span> <span class='ocrx_word' id='word_1_134' title='bbox 789 2821 926 2894; x_wconf 92' lang='lat' dir='ltr'>utroque</span> <span class='ocrx_word' id='word_1_135' title='bbox 941 2820 1035 2873; x_wconf 87' lang='lat' dir='ltr'>caret.</span> 
     </span>
     <span class='ocr_line' id='line_1_21' title="bbox 192 2910 930 2999; baseline -0.007 -20"><span class='ocrx_word' id='word_1_136' title='bbox 192 2917 309 2980; x_wconf 89' lang='lat' dir='ltr'>Forma</span> <span class='ocrx_word' id='word_1_137' title='bbox 324 2939 382 2979; x_wconf 91' lang='lat' dir='ltr'>suo</span> <span class='ocrx_word' id='word_1_138' title='bbox 397 2913 505 2999; x_wconf 87' lang='lat' dir='ltr'>generi</span> <span class='ocrx_word' id='word_1_139' title='bbox 521 2915 644 2999; x_wconf 68' lang='lat' dir='ltr'>quaevis</span> <span class='ocrx_word' id='word_1_140' title='bbox 659 2910 785 2975; x_wconf 85' lang='lat' dir='ltr'><strong>addicta</strong></span> <span class='ocrx_word' id='word_1_141' title='bbox 801 2924 930 2976; x_wconf 87' lang='lat' dir='ltr'>tenetur</span> 
     </span>
     <span class='ocr_line' id='line_1_22' title="bbox 278 3011 1145 3102; baseline -0.005 -22"><span class='ocrx_word' id='word_1_142' title='bbox 278 3019 323 3080; x_wconf 87' lang='lat' dir='ltr'>Et</span> <span class='ocrx_word' id='word_1_143' title='bbox 338 3015 460 3102; x_wconf 80' lang='lat' dir='ltr'>peragit</span> <span class='ocrx_word' id='word_1_144' title='bbox 477 3037 611 3100; x_wconf 82' lang='lat' dir='ltr'>semper,</span> <span class='ocrx_word' id='word_1_145' title='bbox 626 3011 780 3098; x_wconf 86' lang='lat' dir='ltr'><strong>quicquid</strong></span> <span class='ocrx_word' id='word_1_146' title='bbox 796 3012 885 3097; x_wconf 88' lang='lat' dir='ltr'>origo</span> <span class='ocrx_word' id='word_1_147' title='bbox 896 3013 1001 3097; x_wconf 91' lang='lat' dir='ltr'>jubet.</span> <span class='ocrx_word' id='word_1_148' title='bbox 1080 3014 1145 3076; x_wconf 78' lang='lat'>400</span> 
     </span>
     <span class='ocr_line' id='line_1_23' title="bbox 191 3115 945 3203; baseline -0.009 -20"><span class='ocrx_word' id='word_1_149' title='bbox 191 3123 281 3203; x_wconf 82' lang='lat' dir='ltr'>Ergo</span> <span class='ocrx_word' id='word_1_150' title='bbox 296 3117 383 3203; x_wconf 93' lang='lat' dir='ltr'>quod</span> <span class='ocrx_word' id='word_1_151' title='bbox 401 3118 432 3179; x_wconf 95' lang='lat' dir='ltr'>in</span> <span class='ocrx_word' id='word_1_152' title='bbox 448 3115 550 3180; x_wconf 79' lang='lat' dir='ltr'>forma</span> <span class='ocrx_word' id='word_1_153' title='bbox 566 3119 674 3179; x_wconf 89' lang='lat' dir='ltr'><strong>nativa</strong></span> <span class='ocrx_word' id='word_1_154' title='bbox 689 3127 812 3179; x_wconf 89' lang='lat' dir='ltr'>constat</span> <span class='ocrx_word' id='word_1_155' title='bbox 828 3115 945 3198; x_wconf 84' lang='lat' dir='ltr'>agitve,</span> 
     </span>
     <span class='ocr_line' id='line_1_24' title="bbox 281 3215 972 3296; baseline -0.001 -15"><span class='ocrx_word' id='word_1_156' title='bbox 281 3217 375 3296; x_wconf 84' lang='lat' dir='ltr'>Quod</span> <span class='ocrx_word' id='word_1_157' title='bbox 392 3231 508 3280; x_wconf 87' lang='lat' dir='ltr'>natura</span> <span class='ocrx_word' id='word_1_158' title='bbox 523 3239 652 3279; x_wconf 87' lang='lat' dir='ltr'>manens</span> <span class='ocrx_word' id='word_1_159' title='bbox 667 3215 698 3277; x_wconf 93' lang='lat' dir='ltr'>in</span> <span class='ocrx_word' id='word_1_160' title='bbox 715 3215 837 3279; x_wconf 88' lang='lat' dir='ltr'>ratione</span> <span class='ocrx_word' id='word_1_161' title='bbox 854 3228 972 3293; x_wconf 90' lang='lat' dir='ltr'>mouet,</span> 
     </span>
     <span class='ocr_line' id='line_1_25' title="bbox 193 3315 973 3406; baseline -0.009 -19"><span class='ocrx_word' id='word_1_162' title='bbox 193 3325 272 3387; x_wconf 87' lang='lat' dir='ltr'>Esse</span> <span class='ocrx_word' id='word_1_163' title='bbox 289 3322 337 3385; x_wconf 91' lang='lat' dir='ltr'>sui</span> <span class='ocrx_word' id='word_1_164' title='bbox 354 3317 488 3403; x_wconf 89' lang='lat' dir='ltr'>generis,</span> <span class='ocrx_word' id='word_1_165' title='bbox 505 3339 615 3380; x_wconf 88' lang='lat' dir='ltr'>verum</span> <span class='ocrx_word' id='word_1_166' title='bbox 632 3315 710 3406; x_wconf 91' lang='lat' dir='ltr'><strong>quid</strong></span> <span class='ocrx_word' id='word_1_167' title='bbox 727 3315 973 3403; x_wconf 89' lang='lat' dir='ltr'>dicitur,&#39;idquc</span> 
     </span>
     <span class='ocr_line' id='line_1_26' title="bbox 281 3417 970 3506; baseline -0.003 -19"><span class='ocrx_word' id='word_1_168' title='bbox 281 3421 407 3487; x_wconf 85' lang='lat' dir='ltr'><strong>Iudicat</strong></span> <span class='ocrx_word' id='word_1_169' title='bbox 423 3424 566 3496; x_wconf 69' lang='lat' dir='ltr'>effectus,</span> <span class='ocrx_word' id='word_1_170' title='bbox 582 3432 638 3481; x_wconf 91' lang='lat' dir='ltr'>aut</span> <span class='ocrx_word' id='word_1_171' title='bbox 654 3441 712 3483; x_wconf 87' lang='lat' dir='ltr'>sua</span> <span class='ocrx_word' id='word_1_172' title='bbox 726 3417 830 3486; x_wconf 80' lang='lat' dir='ltr'>forma</span> <span class='ocrx_word' id='word_1_173' title='bbox 845 3421 970 3506; x_wconf 90' lang='lat' dir='ltr'>probat.</span> 
     </span>
     <span class='ocr_line' id='line_1_27' title="bbox 196 3521 1150 3604; baseline 0.002 -17"><span class='ocrx_word' id='word_1_174' title='bbox 196 3525 281 3588; x_wconf 90' lang='lat' dir='ltr'>Hinc</span> <span class='ocrx_word' id='word_1_175' title='bbox 296 3523 385 3588; x_wconf 90' lang='lat' dir='ltr'><strong>aliud</strong></span> <span class='ocrx_word' id='word_1_176' title='bbox 401 3545 508 3586; x_wconf 85' lang='lat' dir='ltr'>verum</span> <span class='ocrx_word' id='word_1_177' title='bbox 524 3544 627 3587; x_wconf 88' lang='lat' dir='ltr'>rerum</span> <span class='ocrx_word' id='word_1_178' title='bbox 643 3521 799 3586; x_wconf 86' lang='lat' dir='ltr'>connexio</span> <span class='ocrx_word' id='word_1_179' title='bbox 815 3536 980 3604; x_wconf 90' lang='lat' dir='ltr'>monstrat,</span> <span class='ocrx_word' id='word_1_180' title='bbox 1087 3531 1150 3589; x_wconf 75' lang='lat'>405</span> 
     </span>
     <span class='ocr_line' id='line_1_28' title="bbox 283 3623 1024 3712; baseline 0.003 -23"><span class='ocrx_word' id='word_1_181' title='bbox 283 3627 385 3702; x_wconf 87' lang='lat' dir='ltr'><strong>Quam</strong></span> <span class='ocrx_word' id='word_1_182' title='bbox 403 3625 469 3688; x_wconf 89' lang='lat' dir='ltr'>sine</span> <span class='ocrx_word' id='word_1_183' title='bbox 483 3623 665 3710; x_wconf 86' lang='lat' dir='ltr'>compositis</span> <span class='ocrx_word' id='word_1_184' title='bbox 681 3646 773 3687; x_wconf 88' lang='lat' dir='ltr'>neruo</span> <span class='ocrx_word' id='word_1_185' title='bbox 790 3624 895 3688; x_wconf 85' lang='lat' dir='ltr'>videre</span> <span class='ocrx_word' id='word_1_186' title='bbox 910 3641 1024 3712; x_wconf 86' lang='lat' dir='ltr'>potest.</span> 
     </span>
     <span class='ocr_line' id='line_1_29' title="bbox 196 3726 947 3815; baseline 0 -23"><span class='ocrx_word' id='word_1_187' title='bbox 196 3729 257 3792; x_wconf 91' lang='lat' dir='ltr'>Est</span> <span class='ocrx_word' id='word_1_188' title='bbox 274 3727 452 3792; x_wconf 90' lang='lat' dir='ltr'>intellectus</span> <span class='ocrx_word' id='word_1_189' title='bbox 468 3750 573 3804; x_wconf 88' lang='lat' dir='ltr'>verus,</span> <span class='ocrx_word' id='word_1_190' title='bbox 588 3727 666 3812; x_wconf 92' lang='lat' dir='ltr'><strong>quia</strong></span> <span class='ocrx_word' id='word_1_191' title='bbox 681 3726 818 3812; x_wconf 86' lang='lat' dir='ltr'>concipit</span> <span class='ocrx_word' id='word_1_192' title='bbox 833 3728 947 3815; x_wconf 88' lang='lat' dir='ltr'><strong>ipsam,</strong></span> 
     </span>
     <span class='ocr_line' id='line_1_30' title="bbox 285 3825 953 3914; baseline -0.003 -19"><span class='ocrx_word' id='word_1_193' title='bbox 285 3831 403 3914; x_wconf 85' lang='lat' dir='ltr'>Sicque</span> <span class='ocrx_word' id='word_1_194' title='bbox 420 3825 538 3912; x_wconf 84' lang='lat' dir='ltr'><strong>triplex</strong></span> <span class='ocrx_word' id='word_1_195' title='bbox 554 3830 621 3892; x_wconf 87' lang='lat' dir='ltr'>veri</span> <span class='ocrx_word' id='word_1_196' title='bbox 636 3827 735 3891; x_wconf 87' lang='lat' dir='ltr'>dictio</span> <span class='ocrx_word' id='word_1_197' title='bbox 750 3827 845 3892; x_wconf 89' lang='lat' dir='ltr'>rebus</span> <span class='ocrx_word' id='word_1_198' title='bbox 860 3829 953 3906; x_wconf 86' lang='lat' dir='ltr'>inest,</span> 
     </span>
     <span class='ocr_line' id='line_1_31' title="bbox 197 3928 961 4017; baseline 0.001 -23"><span class='ocrx_word' id='word_1_199' title='bbox 197 3933 256 3996; x_wconf 87' lang='lat' dir='ltr'>Est</span> <span class='ocrx_word' id='word_1_200' title='bbox 274 3952 377 3996; x_wconf 87' lang='lat' dir='ltr'>sermo</span> <span class='ocrx_word' id='word_1_201' title='bbox 394 3953 498 4010; x_wconf 83' lang='lat' dir='ltr'>verua,</span> <span class='ocrx_word' id='word_1_202' title='bbox 515 3930 640 4015; x_wconf 88' lang='lat' dir='ltr'>quoties</span> <span class='ocrx_word' id='word_1_203' title='bbox 655 3928 802 4017; x_wconf 84' lang='lat' dir='ltr'>designat</span> <span class='ocrx_word' id='word_1_204' title='bbox 818 3931 961 4009; x_wconf 88' lang='lat' dir='ltr'>eandem,</span> 
     </span>
     <span class='ocr_line' id='line_1_32' title="bbox 285 4032 1152 4111; baseline 0.001 -15"><span class='ocrx_word' id='word_1_205' title='bbox 285 4035 318 4097; x_wconf 89' lang='lat' dir='ltr'>Si</span> <span class='ocrx_word' id='word_1_206' title='bbox 335 4057 367 4097; x_wconf 90' lang='lat' dir='ltr'>se</span> <span class='ocrx_word' id='word_1_207' title='bbox 385 4056 433 4096; x_wconf 91' lang='lat' dir='ltr'>res</span> <span class='ocrx_word' id='word_1_208' title='bbox 448 4033 598 4111; x_wconf 89' lang='lat' dir='ltr'>habeant,</span> <span class='ocrx_word' id='word_1_209' title='bbox 615 4046 650 4096; x_wconf 88' lang='lat' dir='ltr'>ut</span> <span class='ocrx_word' id='word_1_210' title='bbox 666 4032 741 4096; x_wconf 88' lang='lat' dir='ltr'><strong>data</strong></span> <span class='ocrx_word' id='word_1_211' title='bbox 759 4034 855 4096; x_wconf 86' lang='lat' dir='ltr'>verba</span> <span class='ocrx_word' id='word_1_212' title='bbox 870 4034 989 4096; x_wconf 84' lang='lat' dir='ltr'>ferunt.</span> <span class='ocrx_word' id='word_1_213' title='bbox 1087 4039 1152 4097; x_wconf 79' lang='lat'>410</span> 
     </span>
     <span class='ocr_line' id='line_1_33' title="bbox 199 4135 942 4220; baseline 0.001 -24"><span class='ocrx_word' id='word_1_214' title='bbox 199 4136 273 4210; x_wconf 86' lang='lat' dir='ltr'>Res,</span> <span class='ocrx_word' id='word_1_215' title='bbox 290 4135 469 4200; x_wconf 86' lang='lat' dir='ltr'>intellectus</span> <span class='ocrx_word' id='word_1_216' title='bbox 484 4148 516 4199; x_wconf 88' lang='lat' dir='ltr'>et</span> <span class='ocrx_word' id='word_1_217' title='bbox 533 4157 691 4198; x_wconf 83' lang='lat' dir='ltr'>sermones</span> <span class='ocrx_word' id='word_1_218' title='bbox 707 4157 836 4220; x_wconf 90' lang='lat' dir='ltr'>quoque</span> <span class='ocrx_word' id='word_1_219' title='bbox 854 4158 942 4197; x_wconf 80' lang='lat' dir='ltr'>veros</span> 
     </span>
     <span class='ocr_line' id='line_1_34' title="bbox 285 4234 945 4321; baseline -0.008 -22"><span class='ocrx_word' id='word_1_220' title='bbox 285 4237 444 4319; x_wconf 86' lang='lat' dir='ltr'>Dogmate</span> <span class='ocrx_word' id='word_1_221' title='bbox 459 4234 621 4321; x_wconf 87' lang='lat' dir='ltr'>dispensat</span> <span class='ocrx_word' id='word_1_222' title='bbox 639 4237 756 4320; x_wconf 86' lang='lat' dir='ltr'>pagina</span> <span class='ocrx_word' id='word_1_223' title='bbox 773 4255 860 4296; x_wconf 86' lang='lat' dir='ltr'>sacra</span> <span class='ocrx_word' id='word_1_224' title='bbox 876 4256 945 4295; x_wconf 88' lang='lat' dir='ltr'>suo.</span> 
     </span>
     <span class='ocr_line' id='line_1_35' title="bbox 201 4333 882 4419; baseline -0.006 -22"><span class='ocrx_word' id='word_1_225' title='bbox 201 4334 365 4398; x_wconf 84' lang='lat' dir='ltr'>Artificem</span> <span class='ocrx_word' id='word_1_226' title='bbox 382 4359 447 4399; x_wconf 85' lang='lat' dir='ltr'>sese</span> <span class='ocrx_word' id='word_1_227' title='bbox 464 4349 599 4399; x_wconf 86' lang='lat' dir='ltr'>testatur</span> <span class='ocrx_word' id='word_1_228' title='bbox 616 4334 754 4419; x_wconf 86' lang='lat' dir='ltr'>Spiritus</span> <span class='ocrx_word' id='word_1_229' title='bbox 769 4333 882 4407; x_wconf 83' lang='lat' dir='ltr'><strong>almus,</strong></span> 
     </span>
     <span class='ocr_line' id='line_1_36' title="bbox 289 4432 908 4520; baseline -0.006 -22"><span class='ocrx_word' id='word_1_230' title='bbox 289 4436 380 4500; x_wconf 86' lang='lat' dir='ltr'><strong>lilius</strong></span> <span class='ocrx_word' id='word_1_231' title='bbox 394 4437 536 4501; x_wconf 84' lang='lat' dir='ltr'>existunt</span> <span class='ocrx_word' id='word_1_232' title='bbox 552 4458 671 4520; x_wconf 81' lang='lat' dir='ltr'>organa</span> <span class='ocrx_word' id='word_1_233' title='bbox 686 4436 808 4519; x_wconf 85' lang='lat' dir='ltr'><strong>quique</strong></span> <span class='ocrx_word' id='word_1_234' title='bbox 823 4432 908 4510; x_wconf 87' lang='lat' dir='ltr'>boni,</span> 
     </span>
    </p>
   </div>
   <div class='ocr_carea' id='block_1_3' title="bbox 0 0 1521 5592">
    <p class='ocr_par' dir='ltr' id='par_1_3' title="bbox 0 0 1521 5592">
     <span class='ocr_line' id='line_1_37' title="bbox 0 0 1521 5592; baseline 0 0"><span class='ocrx_word' id='word_1_235' title='bbox 0 0 1521 5592; x_wconf 95' lang='lat' dir='ltr'> </span> 
     </span>
    </p>
   </div>
  </div>
 </body>
</html>
