2992 5592
280 820 340 880 tto
522 829 658 876 vosuvrs
674 829 950 875 sanrsnamsnsis
1079 812 1162 891 [nra.
1180 831 1228 877 ur.

275 985 343 1047 rius
357 981 443 1046 dicta
458 982 531 1060 sint,
546 995 579 1044 et
593 1003 655 1045 non
672 981 711 1045 sit
728 979 827 1044 nostri
844 979 1008 1067 propositi,
1024 980 1057 1045 in
1074 979 1136 1044 boc
1150 1005 1229 1067 opus

273 1082 423 1170 speciales
440 1086 685 1147 commentarios
700 1082 813 1146 iacere.
859 1082 933 1145 Hoc
955 1093 1062 1146 tamen
1079 1083 1121 1146 ab
1138 1085 1227 1147 Aris·

274 1184 371 1250 totele
389 1184 554 1270 (quoniam
565 1183 773 1269 Porphyrius,
788 1206 883 1268 quem
895 1184 1021 1268 parvuli
1037 1198 1228 1269 sequuntur,

275 1287 363 1352 aliud
379 1286 505 1368 docuit)
522 1286 737 1372 adjiciendum
754 1299 846 1370 puto,
862 1286 1013 1372 quoniam
1030 1286 1113 1351 sicut
1129 1309 1228 1372 genus

273 1387 421 1465 univoce,
432 1400 464 1452 et
479 1410 541 1452 non
557 1385 803 1466 denominative,
815 1389 859 1451 sic
875 1409 932 1449 nec
948 1386 1124 1451 secundum
1137 1388 1227 1472 quid,

276 1488 482 1574 praedicatur.
528 1487 624 1554 Unde
649 1498 784 1563 constat,
807 1510 924 1574 corpus
947 1510 1009 1550 nou
1031 1510 1100 1551 esse
1128 1511 1228 1573 genus

273 1588 437 1654 animalis:
469 1590 514 1654 ait
536 1590 632 1666 euim,
654 1588 932 1665 considerandum,
962 1588 1044 1653 siin
1067 1589 1228 1676 aliquibus

272 1693 451 1754 secundum
478 1692 558 1773 quid
582 1678 802 1774 purtisipatur
827 1711 958 1771 genua.-
989 1702 1027 1752 ut
1057 1689 1083 1752 si
1113 1690 1227 1753 animal

273 1791 404 1877 aliquod
420 1792 566 1857 sensibile
579 1790 629 1856 vel
640 1791 762 1855 visibile
774 1790 911 1855 dicatur.
956 1794 1041 1855 Nam
1052 1792 1226 1855 secundum

273 1892 355 1978 quid
378 1892 523 1957 sensibile
546 1896 596 1956 vel
619 1892 742 1956 visibile
771 1890 891 1955 dicitur
919 1890 1048 1966 animal,
1078 1891 1226 1955 nimirum

273 2015 407 2078 corpus:
429 1993 605 2058 secundum
627 2006 733 2057 autem
755 1992 904 2068 animam,
920 2014 993 2057 uon.
1037 1992 1144 2069 Quare
1166 2015 1227 2056 non

272 2094 333 2157 erit
362 2115 464 2177 genus
494 2092 641 2156 sensibile
672 2092 721 2156 vel
751 2091 873 2157 visibile
902 2090 1053 2157 animalis
1105 2094 1224 2159 Latent

271 2209 379 2260 autem
401 2195 606 2281 quaudoque,
627 2209 659 2260 et
674 2209 778 2260 totum
801 2195 832 2259 in
849 2210 971 2282 partem
992 2208 1164 2282 ponentes:
1189 2210 1225 2261 ut

271 2296 396 2361 aninsal
416 2317 527 2379 corpus
547 2297 704 2360 sonabile.
750 2298 855 2361 Nullo
875 2300 957 2360 eninr
980 2295 1075 2360 modo
1091 2319 1165 2383 pars
1185 2297 1225 2360 de

272 2410 341 2462 toto
360 2395 564 2484 praedicatur.
611 2401 719 2473 Quare
732 2421 800 2464 noa
814 2401 879 2464 erit
896 2420 1010 2482 corpus
1025 2420 1135 2483 genus
1152 2401 1223 2463 ursi·

271 2502 378 2576 mdis,
403 2524 441 2564 eo
466 2500 555 2586 quod
578 2523 652 2586 pars
675 2515 735 2566 est.
779 2501 903 2588 Utique
930 2523 1030 2585 genus
1055 2524 1161 2579 omne,
1184 2502 1224 2566 de

272 2603 375 2689 specie
390 2624 501 2668 rerum
524 2617 583 2677 cst,
605 2615 638 2667 et
659 2602 700 2667 de
721 2602 908 2680 individuis,
929 2603 996 2667 sine
1019 2604 1222 2669 translatione

271 2718 305 2770 et
327 2705 441 2790 ligura.
501 2708 676 2791 Nunquam
708 2704 790 2769 enim
821 2704 995 2792 improprie
1020 2705 1222 2791 praedicatur,

270 2807 422 2893 quoniam
445 2805 532 2872 nulla
553 2805 739 2869 familiarior
760 2818 809 2869 est
833 2805 1006 2891 assignatio
1027 2829 1126 2892 quam
1149 2807 1222 2871 sub·

270 2907 407 2983 stantiae,
423 2927 496 2991 quae
511 2905 543 2969 iu
557 2928 674 2989 genere
688 2921 720 2971 et
735 2907 839 2990 specie
858 2904 1031 2970 rectissime
1045 2905 1223 2991 judicatur.

272 3008 400 3095 Corpus
428 3022 533 3074 autem
563 3007 604 3072 de
635 3007 773 3084 homine,
799 3007 968 3091 figurative
1003 3008 1133 3086 scilicet,
1168 3030 1223 3094 per

272 3110 498 3195 Synecdochen
520 3108 648 3174 dicitur.
693 3112 747 3173 Ex
770 3129 836 3194 quo
859 3108 971 3193 liquet,
992 3108 1083 3195 quod
1105 3110 1161 3197 qui
1181 3111 1223 3176 ob

271 3212 366 3280 unius
381 3214 482 3299 partis
497 3211 686 3278 evidentiam
699 3232 816 3297 corpus
830 3209 960 3286 dicitur,
974 3211 1060 3276 idem
1075 3226 1107 3277 et
1119 3213 1222 3276 anima

269 3310 332 3376 dici
354 3327 471 3400 potest,
486 3317 528 3379 ob
549 3313 681 3378 alterius
702 3311 902 3397 dignitatem.
949 3311 1013 3375 Sed
1036 3314 1223 3377 minutiores

269 3410 462 3496 philosophi,
477 3435 550 3475 cum
574 3413 765 3498 Porphyrio‚
787 3412 876 3498 vulgi
898 3426 1079 3499 sequuntur
1095 3414 1221 3500 opinio-

269 3532 355 3573 nem:
368 3510 425 3596 qui
434 3511 500 3574 fere
510 3512 543 3576 id
560 3512 662 3576 solum
675 3514 838 3577 cousuevit
850 3515 1038 3600 approbare,
1050 3515 1140 3601 quod
1151 3537 1220 3579 sen·

269 3611 358 3674 sibus
382 3623 480 3696 patet.
526 3611 621 3676 Plato
646 3625 767 3691 auteur,
782 3626 814 3679 et
831 3628 894 3679 tam
918 3616 1110 3696 Stoicorum,
1123 3637 1220 3702 quam

270 3711 552 3797 Peripateticorum
585 3713 713 3798 dogma,
741 3716 902 3781 hominem
924 3717 1041 3781 rectius
1071 3718 1220 3796 animam,

266 3835 361 3902 quam
374 3837 489 3901 corpus
499 3814 561 3880 dici
573 3816 725 3883 declarat.
750 3817 856 3892 Quam
870 3833 1026 3905 sequutus
1032 3820 1220 3886 sententiam

267 3916 401 3979 Marcus
424 3914 555 3981 Tullius
577 3917 608 3980 in
629 3915 713 3983 libro
728 3918 768 3983 de
788 3920 964 4006 republica,
986 3923 1053 3984 ait:
1083 3923 1138 3987 Tu
1153 3941 1221 3986 nors

266 4022 346 4096 esis,
358 4022 714 4104 quamarteriorfigura
722 4021 1039 4104 desigrrat,sedmens
1050 4023 1219 4110 cujusque,

266 4122 293 4185 is
307 4134 355 4185 est
370 4120 516 4206 quisque.
562 4123 758 4188 Docturibus
769 4146 898 4211 quoque
911 4122 1077 4202 Ecclesiae,
1093 4130 1220 4212 Augus-

266 4224 344 4301 tino,
359 4236 391 4286 et
402 4221 535 4298 caeteris,
546 4222 694 4309 idipsum
706 4221 838 4309 placuit.
876 4223 984 4309 Siquis
994 4224 1069 4289 hinc
1079 4224 1220 4305 dubitat,

266 4323 351 4408 legat
364 4324 550 4410 scripturas,
566 4348 640 4410 quae
656 4325 869 4411 principatum
885 4327 1050 4413 personale
1064 4329 1219 4414 quodam·

266 4424 360 4488 modo
374 4426 488 4490 animae
503 4427 670 4493 tribuunt:
695 4441 726 4491 et
742 4449 859 4514 corpus
870 4428 1009 4515 hospitio
1023 4443 1221 4515 comparant,
