2992 5592
671 812 807 856 scansis
822 807 1099 853 sannsnsnncssrs
1235 787 1315 866 [crs.
1331 807 1350 849 1.

554 1140 635 1221 Cap.
657 1140 704 1199 13.
732 1136 826 1199 Unde
841 1136 971 1197 dicatur
988 1135 1219 1196 Grammatico.

451 1287 590 1350 Hannn·
605 1298 711 1349 autern
743 1284 887 1346 omnium
910 1281 1014 1367 prima
1043 1294 1091 1343 est
1113 1279 1235 1362 logica3
1258 1279 1299 1342 ab
1319 1300 1354 1341 ea

409 1400 513 1451 tamen
530 1387 579 1449 sui
595 1398 697 1470 parte,
707 1405 781 1469 quae
796 1386 828 1446 in
844 1382 948 1468 prima
963 1403 1141 1444 sermonum
1158 1380 1354 1445 institutione

407 1501 569 1551 versatur:
596 1501 632 1551 ut
655 1508 768 1549 nomen
791 1484 919 1568 logices,
947 1483 1027 1546 sicut
1053 1483 1120 1568 jam
1152 1481 1277 1545 dictum
1297 1493 1354 1554 est,

397 1609 502 1671 ¹quam
534 1586 686 1650 latissime
709 1598 829 1672 pateat,
859 1596 891 1647 et
914 1605 975 1646 non
1008 1582 1164 1646 modoad
1188 1580 1357 1645 disserendi

406 1686 567 1750 scientiam
583 1684 802 1750 contrahatur.
848 1683 909 1746 Est
925 1683 1008 1745 enim
1020 1681 1249 1756 Grammatica,
1262 1685 1355 1745 scien·

405 1788 451 1850 tia
480 1802 564 1852 recte
587 1788 752 1872 loquendi,
782 1785 1014 1869 scribendique,
1038 1798 1068 1846 et
1098 1784 1189 1868 origo
1217 1784 1356 1847 omnium

405 1888 585 1953 liberalium
606 1889 854 1972 disciplinarum.
899 1886 1022 1950 Eadem
1047 1906 1175 1971 quoqne
1191 1899 1237 1949 est
1262 1887 1356 1949 totius

405 1989 615 2073 philosophiae
638 1987 847 2062 cunabulum,
877 2001 909 2050 et
934 1991 982 2065 (ut
1012 1988 1057 2050 ita
1078 1986 1229 2069 dixerim)
1262 1988 1357 2051 totius

407 2088 571 2152 literatorii
585 2088 683 2152 studii
691 2088 786 2151 altrix
798 2088 914 2172 prima:
932 2111 1005 2173 qnae
1014 2088 1154 2151 omnium
1165 2087 1357 2152 nascentium

407 2188 446 2252 de
464 2189 534 2252 sinn
545 2204 668 2253 naturae
676 2188 1058 2274 teneritudinemexcipit,
1070 2191 1172 2252 nutrit
1181 2188 1356 2267 infantiam,

406 2290 564 2375 cujusque
579 2288 699 2372 gradus
721 2291 916 2352 incrementa
930 2288 961 2351 in
984 2287 1187 2373 philosophia
1205 2288 1358 2375 provehit,

409 2400 440 2450 et
458 2384 628 2449 sedulitate
643 2399 796 2463 materna,
811 2407 934 2447 omnem
947 2384 1201 2470 philosophantis
1210 2385 1355 2470 producit

409 2501 440 2550 et
468 2485 608 2550 custodit
636 2498 781 2550 aetatem:
814 2484 899 2548 unde
921 2508 940 2547 a
963 2484 1083 2569 primis,
1106 2498 1170 2548 tam
1202 2486 1355 2551 scribendi

408 2611 505 2674 quam
537 2586 687 2669 loquendi
715 2586 890 2671 principiis,
920 2586 1129 2671 grammatica
1165 2587 1354 2672 appellatur.

408 2688 625 2753 Grammatica
641 2690 735 2762 enim,
753 2687 844 2751 litera
860 2687 909 2751 rel
920 2687 1000 2750 linea
1009 2699 1068 2763 est,
1084 2701 1116 2750 et
1131 2687 1204 2751 inde
1217 2688 1355 2765 literalis,

407 2790 548 2874 eoquod
566 2790 672 2851 literas
687 2788 798 2851 doceat
812 2813 821 2859 ;
845 2811 911 2873 quo
927 2787 1061 2863 nomine,
1084 2802 1148 2852 tam
1165 2790 1353 2874 simplicium

408 2910 520 2951 vocum
539 2888 662 2972 figurae,
674 2908 772 2972 quam
785 2886 950 2963 elementa,
961 2889 992 2951 id
1010 2899 1067 2966 est,
1080 2909 1172 2952 voces
1181 2890 1354 2975 figurarum

404 2990 650 3074 intelliguntur:
676 3000 733 3051 ant
748 2987 842 3051 etiam
857 2988 983 3053 linearis
997 3004 1056 3066 est,
1071 3013 1109 3052 eo
1124 2991 1213 3076 qnod
1229 2992 1310 3057 sicut
1325 2994 1354 3055 in

406 3089 637 3178 magnitudinis
653 3089 856 3166 incremento,
867 3089 1023 3155 dimensio
1033 3091 1129 3155 iineae
1138 3091 1355 3178 primaoccur-

405 3194 459 3272 rit,
474 3207 506 3256 et
529 3192 622 3278 quasi
640 3188 787 3277 quoedam
813 3195 944 3256 materia
959 3204 1006 3255 est
1029 3193 1205 3278 superficiei
1220 3209 1278 3259 aut
1292 3217 1355 3259 cor·

404 3296 508 3377 poris:
534 3297 579 3356 sic
600 3292 814 3375 aspirantibus
833 3291 875 3355 ad
898 3292 1076 3376 profectum
1103 3296 1278 3381 sapientiae,
1296 3297 1355 3361 dis-

405 3391 523 3475 ciplina
538 3392 606 3454 haec
622 3391 725 3474 prima
742 3391 910 3473 succurrit,
926 3417 1000 3480 quae
1016 3394 1156 3481 linguam
1173 3399 1302 3471 erudit;
1324 3410 1354 3461 et

406 3505 470 3555 tam
484 3515 541 3576 per
553 3512 656 3565 aures,
669 3514 765 3576 quarn
777 3514 834 3576 per
846 3494 964 3573 oculos,
974 3509 1011 3560 nt
1026 3495 1070 3558 sic
1081 3498 1232 3581 procedat
1243 3499 1353 3573 oratio,

406 3590 593 3677 sapientiam
614 3591 812 3656 introducit:
837 3595 935 3658 verba
956 3595 1038 3659 enim
1063 3618 1120 3680 per
1135 3619 1245 3661 aurem
1261 3598 1355 3662 intro·

405 3693 511 3767 missa,
542 3691 673 3776 pulsant
695 3705 727 3756 et
750 3695 893 3759 excitant
916 3695 1122 3772 intellectum,
1154 3698 1211 3784 qni
1243 3700 1291 3775 (ut
1313 3699 1353 3761 ait

407 3793 619 3876 Augustinus)
634 3791 784 3878 quasdam
800 3796 913 3860 animoe
928 3817 1040 3859 manus
1055 3815 1113 3873 est,
1126 3820 1232 3862 rerum
1244 3822 1354 3885 capax,

403 3909 435 3958 et
457 3892 673 3979 perceptibilis
694 3895 903 3982 objectorum.
949 3897 1065 3962 Literae
1087 3913 1206 3980 autem,
1234 3901 1268 3965 id
1298 3915 1353 3976 est,

404 3996 530 4080 figuras,
546 3995 648 4081 primo
659 4018 772 4060 vocum
784 3996 902 4062 indices
918 4011 1005 4076 sunt,
1017 3999 1133 4063 deinde
1147 4023 1266 4079 rernm,
1277 4024 1355 4088 quas

401 4097 516 4161 animae
525 4118 581 4182 per
591 4097 756 4161 oculorum
773 4098 927 4164 fenestras
938 4114 1117 4185 opponunt,
1127 4114 1160 4166 et
1171 4102 1354 4187 frequenter

400 4201 581 4264 absentium
603 4198 701 4273 dicta,
722 4198 788 4261 sine
810 4221 886 4261 voce
909 4197 1097 4283 loquuntur.
1142 4202 1257 4267 Tradit
1278 4227 1352 4288 ergo

399 4301 502 4383 prium
513 4302 666 4363 elementa
677 4299 829 4362 sermonis
838 4320 889 4362 ars
906 4298 977 4374 ista,
993 4299 1159 4364 oculorum
1175 4305 1207 4366 e't
1223 4306 1347 4368 aurium

395 4399 555 4481 judicium
571 4396 710 4475 instruit,
729 4410 767 4460 ut
787 4418 850 4459 non
872 4396 973 4458 facilis
991 4411 1089 4481 queat
1105 4398 1220 4484 aliquis
1237 4403 1350 4486 praeter
