2992 5592
510 845 585 890 vrrs
601 844 716 891 ssucrr
733 846 860 891 raone
877 845 970 890 cana.
1161 826 1222 892 371

267 994 408 1060 dendum
431 1011 463 1060 et
486 1010 520 1060 ut
541 998 668 1061 titulum
686 999 817 1061 Domini
841 998 891 1061 sui
914 998 1018 1062 fidelis
1040 1020 1148 1062 servus
1166 1021 1221 1081 ag·

266 1111 423 1176 nosceret,
440 1101 505 1162 fore
524 1098 666 1182 undique
689 1100 857 1163 audiebat:
882 1101 1053 1181 Crucifige,
1068 1102 1221 1182 crucifige

267 1220 348 1263 eum.
408 1203 482 1284 lpse
512 1213 618 1263 autem
651 1203 808 1265 transiens
838 1222 894 1284 per
925 1203 1066 1265 medium
1096 1203 1220 1265 illorum

269 1301 344 1364 ibat.

310 1402 418 1473 Quum
433 1413 537 1465 autem
554 1426 587 1466 se
603 1404 636 1465 in
652 1403 827 1486 hospitium
843 1405 1025 1486 recepisset,
1039 1404 1101 1467 duo
1112 1408 1221 1486 magni

268 1516 300 1564 et
315 1500 489 1565 fidelissimi
505 1526 653 1588 proceres
669 1505 710 1567 ad
726 1526 799 1566 eum
814 1505 846 1566 in
870 1506 941 1586 ipso
957 1507 1063 1568 noctis
1085 1507 1220 1569 contici-

269 1604 324 1665 nio
344 1615 558 1679 accesserunt,
575 1607 661 1668 vultu
683 1606 881 1678 miserabiles
903 1618 935 1668 et
957 1606 1126 1684 lacrimosi,
1147 1617 1220 1669 tun·

269 1703 381 1767 dentes
395 1715 526 1788 pectora
541 1728 609 1782 sua,
624 1720 657 1769 et
671 1707 861 1770 confitentes
884 1729 921 1770 ac
937 1720 1148 1790 protestantes
1163 1729 1221 1792 per

267 1806 466 1869 tremendum
476 1807 633 1890 judicium
651 1807 724 1882 Dei,
739 1807 826 1890 quod
844 1807 1063 1872 indubitanter
1077 1809 1221 1873 sciebant

268 1909 352 1970 viros
376 1929 521 1989 magnos,
542 1920 575 1972 et
600 1909 777 1972 malefactis
802 1910 955 1990 insignes,
977 1921 1088 1994 utpote
1114 1912 1220 1974 multia

267 2009 406 2091 pollutos
426 2009 631 2084 facinoribus,
654 2011 686 2072 iu
709 2010 796 2072 illius
821 2031 934 2073 necem
957 2012 1167 2094 conspirasse,
1190 2023 1222 2074 et

267 2129 300 2172 se
324 2109 463 2172 adeum
488 2109 703 2174 occidendum
728 2110 846 2172 mutuis
871 2111 1007 2174 invicem
1032 2112 1220 2175 astrinxisse

261 2210 464 2294 juramentis.
507 2212 558 2274 Ne
581 2233 657 2291 ergo
679 2232 777 2274 causa
802 2210 958 2289 ecclesiae,
981 2231 1053 2295 quar
1076 2211 1219 2276 nondum

266 2312 363 2393 plene
385 2311 576 2390 innotuerat,
598 2313 630 2373 io
654 2325 754 2375 morte
782 2312 853 2396 ejus
875 2324 1035 2395 pateretur
1059 2335 1219 2391 occasum,

267 2410 378 2475 eadem
401 2424 496 2475 nocte
519 2414 623 2494 fugam
646 2435 813 2495 aggressus
839 2425 899 2488 est,
922 2425 1041 2478 etune
1064 2416 1221 2480 duntaxat

267 2511 362 2576 frater
375 2513 437 2575 sibi
452 2512 572 2577 ferente
588 2515 745 2588 solatium,
760 2514 872 2576 diebus
888 2514 1081 2579 delitescens
1096 2529 1129 2580 et
1142 2537 1220 2580 noc·

268 2610 354 2675 tibus
374 2613 433 2674 iter
454 2633 620 2694 peragens,
642 2625 716 2694 post
738 2612 822 2675 diem
846 2612 1006 2675 decimum
1029 2627 1155 2677 sextum
1178 2613 1220 2676 ad

267 2723 393 2795 portum
414 2712 566 2776 sandvici
582 2713 735 2795 pervenit,
751 2723 784 2774 et
803 2734 902 2795 quum
917 2714 1059 2796 potiores
1077 2724 1221 2776 vectores

269 2834 335 2876 non
356 2814 489 2877 baberet
502 2811 543 2875 ad
564 2833 704 2891 manum,
718 2814 751 2875 iu
776 2815 877 2894 fragili
899 2814 1048 2897 cymbula
1062 2835 1082 2877 a
1096 2813 1222 2877 duobus

269 2914 488 2978 sacerdotibus
515 2925 712 2975 transvectus
742 2922 793 2976 est
822 2914 855 2975 in
886 2912 1080 2990 blandriam,
1108 2913 1223 2997 paucis

269 3015 341 3079 aliis
366 3016 528 3095 navigium
555 3015 663 3098 potius
693 3015 942 3097 impedientibus
965 3036 1059 3098 quam
1081 3015 1221 3098 aliquam

269 3116 376 3180 solatii
390 3118 442 3180 rel
457 3116 570 3179 auxilii
585 3115 760 3179 ferentibus
776 3137 881 3200 opem.

313 3219 414 3280 Actus
428 3237 505 3296 ergo
520 3217 553 3278 in
575 3216 708 3278 exilium
724 3217 844 3280 Christi
867 3219 1041 3292 confessor,
1057 3240 1075 3281 a
1091 3217 1221 3280 domino

268 3338 353 3401 papa
367 3319 551 3381 Alexandro
575 3318 712 3380 Senonis
731 3318 907 3381 honorifice
928 3331 1097 3403 susceptus
1116 3328 1176 3397 eat,
1190 3329 1223 3382 et

267 3419 309 3482 ab
324 3439 364 3481 eo
386 3419 420 3481 in
435 3419 628 3482 monasterio
651 3418 890 3482 pontiniacensi
909 3419 1148 3484 commendatus
1163 3430 1221 3482 est.

268 3519 335 3583 Sed
349 3541 405 3582 rex
421 3518 599 3601 Anglorum
615 3519 786 3601 episcopos
800 3530 833 3582 et
848 3542 994 3603 proceres
1008 3543 1084 3584 suos
1098 3520 1140 3585 ad
1155 3523 1221 3585 Ro·

269 3641 396 3685 manam
417 3618 588 3682 destinarit
609 3621 789 3693 ecclesiam,
805 3624 905 3685 multa
924 3624 1113 3707 promittens
1133 3623 1222 3687 dum·

269 3720 367 3783 modo
393 3718 489 3799 legati
514 3719 723 3797 mitterentur,
746 3721 801 3804 qui
827 3744 955 3787 causam
982 3724 1222 3790 Cantuariensis

269 3818 512 3903 archiepiscopi,
527 3840 624 3902 quam
645 3820 871 3888 instantissime
892 3826 1008 3889 remitti
1025 3827 1221 3911 postulabat,

270 3921 357 3984 omni
371 3921 585 4005 appellatione
602 3932 724 3987 remota
738 3924 917 3992 delinirent.
948 3929 1122 3991 Videbatur
1136 3927 1221 3988 enim

271 4023 357 4106 quod
368 4021 545 4087 cardinales
554 4026 639 4088 flecti
652 4042 791 4110 possent,
802 4040 833 4091 et
844 4031 971 4093 testium
982 4028 1077 4108 copia
1088 4027 1120 4087 in
1133 4025 1221 4087 omni

271 4145 374 4186 causae
396 4126 528 4188 articulo
544 4126 692 4189 facillime
711 4128 882 4208 procurari.
927 4125 1003 4201 Sed,
1019 4145 1118 4207 quum
1138 4126 1222 4188 sein

271 4224 331 4286 hac
361 4228 514 4307 petitione
543 4226 751 4289 redeuntibus
778 4225 905 4287 nunciis
933 4223 1097 4287 didicisset
1125 4225 1222 4288 fuisse

270 4327 444 4407 repulsum,
460 4327 629 4390 ecclesiam
649 4336 681 4386 et
704 4327 811 4387 omnia
831 4325 915 4386 bona
933 4323 1167 4411 archiepiscopi
1189 4342 1221 4391 et

269 4446 398 4489 auorum
417 4427 570 4511 praecepit
590 4425 776 4488 confiscari:
807 4435 840 4488 et
859 4424 945 4509 quod
960 4425 995 4488 in
1016 4427 1135 4490 nullius
1158 4429 1221 4492 bia·

696 4545 717 4589 n
732 4527 754 4590 b
769 4533 789 4588 2
