2992 5592
480 814 557 859 vrra
572 813 688 858 caucrr
704 814 832 859 ruoun
850 815 1013 860 carrusa.
1159 805 1223 863 868

270 965 464 1029 conditionis
479 986 538 1028 nec
554 967 660 1029 oneris
676 967 722 1029 sui
740 968 906 1031 immemor
920 981 998 1049 erat,
1010 972 1066 1053 qui
1082 969 1225 1053 quotidie

267 1066 344 1130 hinc
360 1088 419 1149 pro
435 1066 555 1129 domini
576 1068 624 1130 sui
645 1069 728 1149 regis
749 1069 852 1131 salute
872 1080 905 1132 et
925 1070 1055 1149 honore,
1070 1070 1145 1134 iude
1165 1092 1223 1154 pro

268 1168 459 1231 necessitate
474 1168 619 1232 ecclesiae
636 1182 667 1232 et
681 1169 938 1251 provincialium,
956 1184 1020 1235 tam
1044 1185 1155 1236 contra
1175 1195 1223 1235 re·

269 1290 340 1352 gem
362 1271 468 1352 ipsum
492 1292 588 1353 quam
616 1281 727 1334 contra
753 1270 903 1334 inimicos
925 1273 1006 1356 ejus,
1029 1273 1223 1338 contendere

269 1372 442 1453 cogebatur
456 1382 489 1434 et
504 1373 597 1434 variis
614 1373 735 1436 artibus
751 1372 853 1434 varios
873 1373 1002 1437 eludere
1019 1375 1118 1438 dolos.
1158 1375 1224 1438 Sed

268 1473 330 1537 hoc
345 1472 507 1558 praecipue
523 1477 714 1556 perurgebat
727 1474 814 1557 quod
824 1474 1042 1540 indesinenter
1056 1479 1225 1560 oportebat

269 1596 341 1638 eum
358 1595 501 1657 pugnare
517 1573 557 1636 ad
573 1576 693 1638 bestias
716 1575 823 1650 curiae,
845 1585 878 1636 et
900 1577 986 1639 velut
1002 1599 1075 1640 cum
1096 1578 1222 1655 Proteo,

267 1688 303 1741 ut
325 1675 389 1740 dici
412 1678 502 1754 solet,
523 1677 684 1757 negotium
709 1697 827 1756 gerere,
849 1687 882 1739 et
904 1679 995 1758 quasi
1018 1679 1051 1741 in
1074 1679 1223 1761 palaestra

268 1778 448 1842 exercitari.
495 1778 579 1840 Nam
603 1779 666 1840 fere
694 1776 734 1840 ad
761 1799 885 1840 omnem
915 1799 1037 1857 auram,
1060 1780 1123 1842 nisi
1150 1800 1221 1842 eum

267 1880 370 1962 gratia
385 1891 418 1943 et
434 1878 590 1942 industria
608 1890 841 1955 conservarent,
857 1880 947 1942 ruina
963 1890 996 1944 et
1010 1880 1223 1964 praecipitium

269 1981 487 2044 imminebant.

312 2077 464 2157 Fungens
479 2089 584 2140 autem
605 2078 788 2141 cancellarii
810 2078 917 2141 officio
937 2080 972 2141 in
995 2081 1113 2163 palatio
1128 2081 1226 2162 regis,

269 2186 391 2239 tantam
406 2177 439 2238 in
455 2177 557 2240 oculis
573 2178 674 2261 ipsius
694 2177 820 2240 invenit
841 2180 984 2258 gratiam,
999 2190 1035 2242 ut
1055 2202 1128 2244 eum
1151 2190 1225 2263 post

269 2275 437 2339 decessum
452 2276 573 2360 praesati
596 2277 837 2341 Cantunriensis
857 2277 1093 2362 archiepiscopi
1113 2279 1223 2362 primae

269 2378 504 2441 Britanniarum
541 2378 611 2441 sedi
645 2378 767 2461 praefici
801 2391 994 2461 procuraret,
1024 2401 1089 2464 quo
1124 2390 1222 2444 totam

268 2478 394 2543 facilius
409 2479 578 2542 ecclesiam
593 2490 715 2561 regeret
730 2480 951 2560 Anglicanam.

312 2583 350 2644 In
367 2582 475 2644 multis
490 2583 575 2644 enim
590 2592 742 2664 expertus
759 2581 1051 2658 magnanimitatem
1071 2583 1173 2664 ipsius
1192 2594 1225 2646 et

267 2682 376 2759 fidem,
391 2693 479 2745 tauto
496 2703 623 2763 quoque
639 2679 767 2759 fastigio
782 2681 865 2740 bene
886 2679 1100 2743 sufficientem
1121 2682 1224 2745 credi·

269 2783 328 2862 dit,
350 2792 382 2843 et
409 2781 450 2842 ad
473 2799 546 2841 suas
573 2779 727 2840 utilitates
751 2778 845 2839 facile
872 2777 1104 2856 inclinandum,
1124 2790 1157 2843 et
1181 2782 1223 2845 ad

267 2896 386 2947 nutum
396 2881 498 2965 ipsius
513 2881 545 2942 iu
561 2879 697 2961 negotiis
717 2878 943 2942 ecclesiasticis
964 2889 997 2941 et
1017 2881 1224 2946 saecularibus

267 2984 415 3048 universa
430 2994 608 3064 gesturum:
632 2981 749 3043 sivero
766 2980 836 3042 dies
856 3001 932 3042 suos
952 3001 1037 3043 mors
1057 2980 1224 3047 immatura

267 3084 464 3169 praecideret,
479 3082 660 3146 haeredibus
676 3082 741 3145 suis
756 3092 893 3145 tutorem
909 3080 1129 3146 fidelissimum
1150 3105 1225 3167 pro·

269 3186 408 3251 videbat.
454 3187 510 3249 Vir
524 3186 610 3249 enim
632 3183 937 3267 experientissimus,
952 3193 985 3245 et
1005 3183 1089 3248 bene
1111 3185 1224 3252 solitus

270 3288 438 3373 plusquam
455 3288 547 3350 facile
563 3287 628 3350 dici
643 3297 752 3370 posset
766 3285 872 3347 futura
891 3285 1006 3363 metiri,
1022 3294 1119 3349 tautae
1139 3308 1224 3352 curae

268 3391 446 3473 periculum
469 3390 546 3453 satis
568 3399 661 3452 acute
687 3387 887 3471 ponderavit,
909 3395 1019 3469 utpote
1047 3387 1102 3470 qui
1127 3389 1224 3472 longo

268 3511 330 3554 usu
356 3489 521 3563 didicerat,
545 3487 622 3572 quid
646 3487 740 3550 sedes
766 3487 822 3550 illa
846 3487 980 3549 haberet
1006 3488 1123 3567 oneris,
1146 3491 1224 3574 quid

269 3591 408 3658 honoris.
454 3592 594 3652 Noverat
619 3590 715 3652 etiam
742 3609 852 3682 mores⁸
872 3588 955 3669 regis
981 3600 1013 3651 et
1038 3590 1223 3656 officialium

269 3693 338 3777 ejus
363 3692 600 3774 improbitatem
626 3703 658 3754 et
687 3688 907 3774 pertinaciam,
936 3701 969 3752 et
994 3691 1027 3753 in
1054 3691 1144 3756 curia
1168 3694 1224 3758 illa

270 3814 366 3877 quam
393 3792 509 3854 efficax
533 3801 616 3853 esset
642 3790 819 3853 delatorum
850 3790 980 3854 malitia.
1025 3793 1080 3855 Ex
1107 3796 1225 3878 quibus

251 3910 253 3915 ·
270 3892 472 3967 veracissime
494 3892 664 3974 colligebat
684 3891 782 3975 quod,
798 3891 825 3954 si
845 3893 989 3957 oblatum
1010 3895 1132 3957 subiret
1154 3896 1224 3956 offi-

270 3995 365 4072 cium,
386 3995 451 4057 Dei
471 3994 603 4076 gratiam
626 3995 801 4059 amissurus
824 4008 907 4058 esset
931 4007 985 4058 aut
1008 3994 1100 4072 regis.
1146 3995 1223 4057 Non

270 4096 354 4159 enim
372 4097 444 4160 Deo
458 4096 619 4161 adhaerere
634 4108 760 4180 poterat
770 4097 865 4175 regiis
876 4095 1017 4157 moribus
1033 4093 1225 4175 obsequens,

272 4209 327 4261 cut
341 4218 447 4280 regem
467 4220 532 4260 non
550 4199 668 4263 habere
690 4199 867 4271 inimicum,
885 4195 915 4255 ei
931 4205 1122 4256 sanctorum
1144 4215 1225 4277 prae·

271 4297 376 4361 serens
390 4299 485 4379 leges.

315 4398 428 4483 ltaque
451 4399 636 4481 aliquandiu
653 4399 719 4478 regi
736 4408 768 4461 et
783 4396 852 4459 aliis
868 4418 939 4461 eum
962 4414 1147 4478 promovere
1169 4417 1224 4458 vo-
