2992 5592
139 833 205 879 cra.
224 816 291 895 1v.]
498 831 737 879 uurasonrous.
1053 815 1090 873 m

133 985 295 1070 jactitant,
312 987 420 1048 omnia
436 982 635 1071 pollicentur.
681 986 757 1048 Duo
773 995 877 1048 tamen
892 979 1088 1069 deprehendi

136 1108 186 1150 eos
196 1084 335 1150 fideliori
348 1083 486 1148 tenuisse
497 1083 658 1163 memoria,
668 1094 699 1148 et
714 1082 914 1169 frequentius
927 1083 961 1146 in
976 1101 1088 1145 eorum

136 1186 321 1272 operatione
336 1185 466 1250 versari.
511 1186 654 1251 Alterum
671 1184 800 1271 quidem
817 1182 1024 1269 Hippocratis
1039 1193 1087 1245 est

137 1289 207 1369 (sed
233 1287 281 1354 ibi
307 1291 412 1374 vergit
434 1287 474 1352 ad
500 1288 597 1352 alium
622 1287 847 1368 intellectum:)
876 1287 949 1368 Uti,
972 1283 1089 1370 inquit,

137 1394 328 1477 indigentia,
354 1412 416 1454 non
445 1400 566 1474 oportet
594 1391 758 1454 laborare:
795 1404 826 1455 et
858 1412 968 1454 revera
996 1389 1088 1473 inop-

137 1507 325 1580 portunum,
355 1508 388 1557 et
416 1492 624 1558 inofficiosum
653 1492 831 1579 opinantes,
860 1491 936 1558 dure
961 1511 1088 1576 operam

138 1595 367 1681 indigentibus,
378 1608 410 1659 et
423 1593 468 1658 eis
482 1593 539 1680 qui
550 1592 676 1671 nolunt,
687 1607 744 1659 aut
759 1605 937 1680 nequeunt,
949 1589 1000 1654 vel
1014 1588 1090 1653 solis

137 1697 253 1775 verbis,
262 1719 374 1762 eorum
385 1695 478 1783 plene
488 1697 622 1780 gratiam
632 1695 748 1761 referre
760 1694 921 1760 mercedis.
945 1693 1089 1758 Alterum

136 1799 281 1885 proiecto
300 1813 360 1875 est,
376 1822 452 1874 uon,
467 1798 557 1885 quod
573 1801 783 1875 meminerim,
801 1797 1018 1884 Hippocratis,
1035 1793 1090 1856 sed

137 1897 340 1983 diligentium
361 1899 485 1986 adjecto
506 1899 728 1973 medicorum
756 1899 953 1975 Damastes,
974 1897 1090 1977 accipe.

139 2001 272 2066 Occasio
297 2000 456 2087 siquidem
482 2000 631 2087 exigendi
657 2001 795 2067 maxime
820 2011 1002 2087 opportuna
1030 2008 1090 2075 est,

140 2126 240 2188 quum
256 2103 349 2167 dolor
365 2104 488 2168 cruciat
502 2115 722 2189 aegrotantem,
738 2103 864 2190 sibique
878 2111 1090 2189 cooperantur

138 2205 321 2290 languentis
336 2205 541 2282 exulceratio,
557 2219 590 2271 et
605 2204 738 2272 avaritia
753 2205 919 2270 medentis.
966 2202 999 2267 Si
1017 2223 1090 2266 con·

139 2307 269 2373 valescit
294 2330 391 2393 aeger,
404 2330 531 2394 operam
559 2307 649 2373 danti
677 2308 800 2373 medico
829 2307 1040 2372 adscribatur:
1064 2302 1089 2367 si

138 2409 258 2491 deficit,
277 2410 349 2496 ejus
369 2408 539 2475 invalescat
561 2410 744 2490 auctoritas,
765 2412 822 2498 qui
850 2410 908 2474 hoc
929 2421 1023 2473 antea
1042 2406 1091 2469 fa·

138 2509 318 2576 miliaribus
343 2509 410 2574 suis
432 2509 592 2576 revelavit.
637 2509 802 2598 Siquidem
825 2508 1018 2597 impossibile
1042 2518 1090 2570 est

139 2635 202 2677 non
223 2612 363 2690 evenire,
384 2611 470 2697 quod
498 2612 537 2677 de
563 2613 721 2678 industria
746 2610 1006 2701 praevaticinatus
1030 2621 1089 2682 est,

139 2738 239 2802 quum
256 2715 334 2780 huic
349 2715 545 2802 sospitatem,
560 2715 611 2780 isti
628 2716 793 2782 sinistrum
811 2716 933 2780 exitum
952 2733 1092 2799 pronun-

139 2815 445 2903 ciaritoegrotantis.
470 2816 503 2880 Si
514 2839 666 2881 erasurus
676 2833 725 2882 est
734 2840 830 2902 teger,
840 2827 972 2881 curatur
982 2811 1089 2880 facile:

140 2919 200 2985 nisi
222 2932 382 3004 quatenus
404 2916 653 2982 incolumitatem
677 2919 747 3006 ejus
772 2919 914 2984 medicus
933 2915 1090 3004 praepedit

140 3021 316 3108 imperitus.
364 3018 419 3083 Sin
433 3030 541 3084 autem
562 3042 641 3094 non;
668 3034 705 3086 ut
726 3021 844 3086 Sollius
865 3020 1015 3083 Sidonius
1034 3019 1092 3091 ait,

140 3122 293 3185 occiditur
316 3119 541 3207 efficierisrime.
598 3120 685 3198 Quid
715 3123 773 3186 ni?
807 3119 978 3204 Numquid
1008 3118 1093 3180 enim

142 3236 269 3289 naturae
294 3237 428 3289 secretos
453 3223 652 3309 latentesque
678 3221 855 3304 cuniculos,
876 3218 1092 3308 deprehendet

142 3325 242 3390 bomo
264 3324 362 3390 totius
382 3325 597 3412 Philosophia
620 3325 772 3409 ignarus?
795 3337 827 3390 et
850 3323 906 3411 qui
929 3345 987 3388 nec
1008 3333 1094 3387 recte

143 3427 234 3515 loqui
250 3427 350 3506 norit,
363 3450 421 3492 nec
435 3441 521 3493 recte
534 3426 711 3512 intelligere
725 3451 801 3515 quse
815 3431 933 3515 scripta
947 3437 1024 3492 sunt
1038 3434 1095 3489 aut

142 3553 217 3616 quas
226 3529 391 3609 dicuntur,
401 3552 503 3617 quum
515 3531 579 3596 fere
591 3544 669 3616 quot
682 3530 860 3617 disciplina
872 3542 959 3607 sunt,
972 3540 1019 3595 tot
1031 3528 1095 3592 sint

142 3632 275 3718 linguae,
299 3643 332 3696 et
362 3631 394 3696 in
420 3632 499 3719 ipsis
525 3632 714 3719 plerumque
739 3633 937 3710 auctoribus,
962 3654 1025 3696 nou
1052 3632 1094 3697 sit

142 3734 253 3820 major,
270 3732 303 3797 in
317 3731 473 3818 corporali
488 3732 729 3818 compositione,
744 3732 911 3798 diversitas
928 3732 1093 3810 facierum,

143 3857 241 3920 quam
255 3835 289 3900 iu
306 3857 368 3899 usu
379 3833 514 3899 varietas
529 3833 732 3921 linguarum?
757 3837 864 3900 Homo
876 3835 959 3901 enirn
975 3834 1094 3900 bomini

143 3933 358 3998 assimilatur:
390 3931 446 3997 sed
471 3956 528 3997 nec
553 3934 680 4020 gemelli
705 3934 839 4000 invicem
863 3957 1095 4022 usquequaque

143 4058 173 4100 se
188 4036 388 4124 exprimunt.
432 4035 502 4101 Vox
518 4039 588 4102 voci
603 4037 819 4103 conformatur
834 4039 1013 4104 interdum:
1039 4036 1093 4100 sed

144 4156 200 4200 nec
223 4157 384 4211 sororum,
406 4146 438 4200 et
461 4138 487 4200 si
509 4136 568 4212 vis,
592 4159 649 4201 nec
671 4141 839 4204 Musarum
865 4139 974 4203 eadem
999 4138 1095 4200 etiam

143 4238 226 4303 vocis
245 4237 386 4323 agilitas.
431 4241 615 4304 consonant
634 4239 717 4304 enim
738 4263 842 4319 voces,
858 4241 911 4305 sed
934 4240 1095 4322 dispares3

141 4341 274 4429 ipsaque
290 4339 473 4426 disparitas,
487 4341 552 4406 suis
567 4356 733 4428 coaequata
756 4339 1028 4429 proportionibus,
1047 4351 1095 4403 est

142 4458 217 4528 apta
247 4442 442 4508 concentui:
466 4458 497 4509 et
523 4444 760 4529 quodammodo
788 4444 920 4529 gratior,
945 4462 1042 4527 quam
1070 4442 1095 4505 si

598 4548 654 4612 02
