2992 5592
167 825 234 870 cae.
251 806 388 886 xxxva]
528 825 769 870 unranooicca.
1062 813 1121 871 19⁶

163 997 227 1038 esse
241 974 421 1061 coaequales
437 988 467 1038 et
485 987 674 1038 coaeternas:
707 998 778 1038 nam
795 974 827 1039 in
851 975 923 1055 illis,
938 976 1120 1039 omnimoda

160 1076 303 1164 parilitas
325 1087 384 1140 est.
432 1077 537 1140 ldeam
555 1096 644 1152 vero,
661 1078 739 1163 quia
764 1078 804 1141 ad
828 1078 910 1141 hanc
925 1075 1117 1164 parilitatem

162 1198 221 1243 non
237 1179 417 1261 consurgit,
433 1178 488 1241 aed
504 1177 739 1264 quodammodo
756 1193 870 1243 natura
888 1179 1044 1266 posterior
1058 1192 1119 1254 est,

160 1295 190 1344 et
212 1278 303 1345 velut
325 1278 457 1365 quidam
482 1279 625 1354 effectus,
642 1300 772 1343 manens
795 1279 826 1343 in
849 1303 965 1345 arcano
986 1278 1119 1357 consilii,

160 1382 339 1446 extrinseca
354 1403 449 1443 causa
466 1403 528 1444 non
547 1381 703 1466 indigens,
715 1381 797 1445 sicut
813 1397 962 1448 aeternam
979 1381 1119 1446 audebat

162 1483 276 1559 dicere,
293 1486 338 1547 sic
352 1495 540 1547 coaeternam
562 1506 628 1546 ease
653 1484 800 1567 negabat.
848 1487 894 1549 Ut
912 1483 994 1548 enim
1018 1483 1063 1547 ait
1084 1482 1117 1545 in

162 1585 359 1670 expositione
371 1585 553 1670 Porphyrii,
566 1583 688 1670 duplex
704 1598 751 1647 est
764 1607 844 1668 opus
859 1584 976 1650 divina
992 1584 1118 1659 mentis,

162 1687 295 1752 alterum
312 1690 399 1773 quod
417 1686 458 1751 de
473 1688 616 1773 subjecta
639 1686 771 1750 materia
786 1702 883 1762 creat,
899 1702 956 1753 aut
979 1686 1066 1774 quod
1089 1687 1118 1750 ei

163 1801 366 1854 concreatur:
398 1789 547 1865 alterum,
564 1788 650 1874 quod
667 1790 707 1852 de
722 1813 755 1852 se
775 1788 864 1870 facit,
879 1804 911 1854 et
931 1789 1070 1854 continet
1085 1788 1118 1851 in

164 1912 207 1970 se,
218 1905 352 1954 externo
368 1914 428 1955 non
445 1913 541 1975 egens
553 1890 756 1954 adminiculo.
799 1891 924 1978 Utique
935 1891 1031 1955 coelos
1045 1889 1119 1955 fecit

164 1993 380 2058 inintellecta
409 1994 449 2057 ab
475 1993 577 2072 initio,
599 1993 639 2058 ad
667 2014 748 2079 quos
775 1994 818 2058 ibi
846 1993 1038 2069 formandos,
1061 2012 1119 2057 neo

165 2097 341 2172 materiam,
363 2119 420 2160 nec
442 2098 574 2160 sormam
601 2095 750 2183 quaesirit
769 2097 987 2162 extrinsecam.
1033 2094 1118 2161 Alibi

167 2219 296 2284 quoque
312 2197 373 2262 ait:

270 2323 427 2394 Principium
440 2325 480 2377 cui
493 2323 549 2376 sola
560 2322 610 2377 fuit
623 2324 719 2377 Divina
731 2324 859 2388 voluntas,

268 2408 346 2461 AEtaa
357 2426 408 2461 non
421 2409 519 2477 frangit
529 2410 717 2480 demoliturque
728 2419 853 2476 vetustas,

271 2493 397 2547 Dissolrit
409 2503 511 2567 tempus
522 2497 643 2566 quicquid
656 2496 773 2567 producit
784 2498 885 2559 adesse,

271 2579 299 2631 Si
311 2597 362 2631 uon
375 2579 409 2631 ad
420 2597 543 2652 praesens,
555 2587 656 2634 constat
669 2582 822 2651 quaudoque
834 2598 948 2633 nocem.

269 2663 339 2732 Ergo
352 2683 428 2737 aupes
440 2665 486 2717 tali
499 2666 543 2734 qui
555 2664 630 2733 luget
642 2666 798 2727 conditione,

269 2750 325 2801 Aut
336 2750 410 2813 nihil,
423 2757 469 2802 aut
480 2751 614 2802 minimum
628 2749 708 2802 claret
719 2751 825 2802 rationis
836 2750 941 2802 habere.

165 2862 300 2939 Quidam
324 2876 441 2935 tamen,
460 2863 533 2927 licet
556 2864 597 2927 ab
612 2876 731 2927 aeteruo
753 2862 927 2927 concedant
951 2884 1018 2926 esse
1035 2883 1120 2939 vera,

165 2986 201 3027 ea
216 2976 323 3028 tamen
340 2974 457 3046 negant
470 2986 537 3027 esse
552 2977 681 3039 aeterna,
691 2963 843 3039 dicentes,
852 2964 931 3028 nihil
946 2985 1014 3028 esse
1027 2978 1121 3028 oeter·

165 3087 254 3140 num,
270 3064 330 3126 nisi
353 3065 441 3149 quod
466 3063 562 3129 vivit:
595 3066 739 3151 eoquod
762 3066 934 3143 aeternitas,
951 3079 1030 3131 teste
1053 3065 1120 3128 Au·

162 3164 305 3250 gustino,
320 3170 425 3228 status
439 3173 487 3230 eat
506 3168 755 3231 interminabilia
769 3170 853 3231 vita.
897 3169 951 3231 Ex
968 3166 1016 3231 his
1030 3177 1120 3251 patet

164 3267 321 3354 placuisse
338 3264 522 3344 Platonicis,
537 3290 610 3331 cum
635 3267 813 3345 Salomone,
828 3269 933 3334 omnia
948 3271 1119 3335 subsolana

165 3392 246 3435 rana
260 3392 346 3442 esse;
374 3381 406 3432 et
430 3391 483 3432 eas
499 3391 549 3434 res
572 3367 731 3434 duntaxat
751 3393 818 3434 esse
842 3393 941 3449 veras,
956 3390 1032 3458 quoe
1054 3390 1118 3434 non

167 3485 201 3538 ut
214 3472 436 3560 phantasmata
445 3484 648 3552 evanescunt,
658 3473 712 3536 sed
725 3485 811 3537 statu
822 3473 1008 3540 snbstantias
1019 3486 1118 3554 carta,

166 3586 196 3638 et
213 3596 338 3660 semper
353 3573 462 3639 eadem
480 3588 565 3638 sunt.

168 3809 247 3896 Cap.
263 3816 315 3874 36.
339 3812 421 3873 lum
437 3812 476 3874 da
490 3815 573 3876 veria
582 3840 593 3886 ,·
622 3823 654 3877 at
668 3817 754 3898 quod
767 3817 863 3881 aliter
880 3819 1037 3883 dictantur
1051 3834 1118 3880 eras

236 3933 297 3992 rsa,
312 3913 408 3977 aliter
423 3933 590 3995 sermones,
604 3917 701 3984 aliter
712 3940 809 3985 vero:
832 3923 1036 4005 ecquomodo.

209 4047 314 4124 Quum
337 4069 411 4111 vero
434 4071 546 4114 nomen
570 4050 642 4117 falsi
664 4058 820 4138 opinioni,
840 4055 1118 4132 lacerantum

165 4147 283 4231 pariter
305 4148 495 4235 applicetur,
508 4152 626 4238 opinio,
642 4179 717 4242 quae
739 4157 937 4243 deceptionis
958 4152 1114 4218 fallaciam

166 4249 297 4331 patitur,
324 4250 403 4313 salsa
429 4252 602 4317 rectissime
628 4257 828 4322 nominatur:
863 4253 1020 4341 siquidem
1048 4252 1117 4336 ipsa

165 4362 222 4425 est,
237 4371 310 4434 quae
333 4349 465 4416 fallitur.
513 4354 651 4420 Locutio
666 4371 772 4421 autem
794 4355 875 4420 falsa
894 4367 953 4429 eat,
969 4373 1007 4417 eo
1028 4353 1115 4439 quod

166 4447 276 4513 {alsam
298 4447 455 4534 significat
473 4453 663 4536 opinionem.
712 4456 776 4519 Rea
791 4477 866 4519 vero
885 4454 966 4519 falsa
986 4453 1117 4534 dicitur,

615 4561 671 4618 02
