2992 5592
133 800 197 846 cae.
213 777 301 861 xva]
492 796 732 843 uarmoorcus.
1048 788 1089 844 43

133 949 170 1015 ad
180 947 377 1034 explendam
388 945 595 1031 indigentiam
607 948 819 1026 rationalium,
831 970 930 1035 quum
941 961 1089 1027 econtra,

133 1048 365 1135 transsumptio
389 1047 590 1112 rationalium
617 1049 658 1112 ail
682 1050 851 1127 naturalia,
877 1050 909 1114 in
938 1063 1002 1115 tam
1029 1050 1091 1113 fre-

133 1153 241 1238 quenti
254 1174 317 1215 usu
331 1171 535 1235 nequaquam
549 1164 699 1215 versetur.
732 1152 779 1216 Sit
795 1165 902 1216 autem
915 1153 1089 1228 translatio,

133 1275 215 1317 nunc
230 1250 365 1336 quidem
384 1250 577 1314 necessitatis
592 1273 698 1328 causa,
710 1274 795 1315 nunc
809 1265 956 1315 ornatus:
981 1251 1035 1317 sed
1052 1265 1090 1317 ut

133 1354 252 1421 celebre
267 1366 317 1418 est
333 1350 422 1436 apud
438 1351 592 1432 eruditos,
607 1375 675 1435 qua
690 1363 829 1419 ornatus
843 1357 943 1420 muso
958 1360 1090 1439 rionfit,

134 1458 171 1520 ab
198 1457 450 1538 aequivocatione
485 1475 552 1517 non
586 1465 633 1518 est
662 1459 781 1520 alienu.
836 1458 981 1534 Quorum
1013 1480 1091 1543 ergo

136 1557 308 1624 necessaria
322 1565 372 1620 eat
387 1553 563 1635 translatio,
573 1557 685 1622 multis
695 1558 861 1622 commode
876 1558 1089 1645 applicantur,

136 1675 166 1725 et
182 1683 240 1747 pro
254 1660 352 1724 modo
366 1680 488 1737 eorum,
500 1680 575 1743 quae
590 1658 743 1722 dicuutur
758 1659 995 1724 accidentaliter
1010 1683 1091 1746 praa-

137 1761 245 1837 dieari,
260 1782 391 1826 sensum
410 1757 602 1845 plerumque
624 1771 751 1823 mutant
769 1760 809 1823 ad
826 1760 969 1845 singula:
998 1783 1090 1826 nemo

137 1878 239 1929 tamen
255 1862 487 1948 conjunctionis
503 1861 781 1946 incompetentiam
797 1862 1010 1947 reprehendit.
1044 1864 1090 1931 Et

137 1965 207 2031 licet
229 1964 436 2050 improprius,
450 1963 483 2027 id
500 1975 559 2041 est,
576 1963 792 2029 translationis
807 1986 929 2042 sensus,
945 1986 1010 2029 suae
1025 1965 1091 2030 dic-

137 2064 227 2133 tionis
248 2065 361 2151 prImae
381 2063 614 2147 significationi,
630 2063 662 2127 id
683 2077 741 2139 est,
763 2087 859 2149 quam
880 2087 899 2127 a
921 2066 1022 2150 prima
1044 2070 1091 2131 in·
1206 2099 1208 2102 ·

138 2166 302 2234 stitutione
326 2166 475 2243 babebat,
490 2165 534 2229 sic
550 2167 713 2232 obtinente
732 2188 791 2231 usu
808 2190 892 2254 saepe
907 2168 1089 2253 praevaleat,

137 2269 161 2334 si
183 2270 267 2335 sorte
288 2269 330 2334 ad
354 2267 563 2333 domesticum
586 2269 717 2334 redeant
740 2293 879 2348 sensum,
899 2271 1011 2357 utique
1033 2284 1090 2337 aut

137 2369 224 2435 nulla
234 2368 418 2436 absurditas
427 2381 485 2444 est,
494 2385 552 2435 aut
563 2392 625 2433 non
639 2384 738 2448 tanta,
751 2385 903 2457 quantam
916 2372 1090 2458 arguimus,

140 2494 240 2558 quum
267 2470 428 2557 adjectiva
455 2470 623 2536 verborum
650 2492 687 2535 eo
713 2474 897 2548 trahuntur,
921 2486 958 2538 ut
983 2495 1089 2538 rerum

139 2571 316 2659 significent
337 2570 537 2659 qualitatem.
583 2575 667 2637 Ecce
690 2575 897 2640 convertibile
919 2577 952 2638 iu
974 2576 1024 2639 his
1050 2598 1089 2640 ex

141 2697 199 2741 usu
215 2675 352 2749 obtinet,
368 2694 445 2758 quae
466 2697 499 2738 se
519 2675 743 2759 praedicatione
764 2691 879 2741 mutua
897 2675 1091 2739 circumscri-

137 2777 236 2841 bunt:
262 2789 299 2841 ut
314 2776 348 2841 in
364 2775 477 2860 specie,
492 2787 522 2838 et
539 2776 733 2853 definitione,
750 2791 806 2842 aut
822 2779 961 2864 proprio.
1007 2777 1089 2841 ltem

128 2882 271 2960 finitum
282 2893 316 2943 et
325 2880 505 2961 infinitum,
513 2877 553 2942 ad
564 2877 777 2964 designandas
788 2904 897 2945 eorum
909 2877 1090 2966 qualitates,

138 2981 257 3047 nomini
283 2980 493 3067 adjiciuntur,
518 2994 551 3048 et
577 2981 692 3046 verbo:
729 2983 957 3068 sedquoniam
982 2982 1091 3047 lraeca

124 3065 236 3145 'rebus
251 3099 379 3167 sumpta
394 3095 478 3162 suut,
494 3104 697 3167 nequaquam
713 3082 867 3147 absonum
884 3095 944 3156 est,
960 3084 986 3145 si
1002 3082 1091 3148 velut

139 3184 426 3269 aperegriuatione
446 3184 576 3249 domum
600 3184 744 3261 redeant,
762 3197 798 3247 ut
820 3207 869 3247 res
889 3182 998 3268 aliqua
1019 3205 1093 3247 cou-

140 3285 306 3363 vertibilis,
327 3300 384 3351 aut
406 3287 499 3352 finita
519 3286 657 3360 dicatur,
678 3298 735 3349 aut
758 3285 892 3349 infinita.
940 3284 1092 3350 Similiter

139 3387 323 3450 universale
337 3401 369 3450 et
381 3387 594 3468 particulare,
608 3385 681 3449 licet
695 3385 726 3449 iu
743 3384 849 3449 verbis
859 3407 969 3450 eorum
986 3385 1091 3471 vigeat

139 3486 321 3573 appellatio,
333 3510 430 3573 quam
442 3511 462 3550 a
476 3487 572 3550 rebus
584 3501 731 3553 mutuata
746 3500 821 3551 sunt
834 3487 998 3568 (secundae
1008 3487 1090 3551 enim

139 3587 350 3672 impositionis
363 3610 426 3651 non
441 3590 531 3670 sunt)
544 3603 678 3675 possunt
694 3590 760 3654 sine
775 3588 973 3654 absurditate
985 3611 1091 3653 rerum

139 3689 322 3754 nominibus
348 3689 513 3775 adjectivis
537 3691 699 3775 conjungi.
755 3694 800 3754 Et
823 3689 954 3775 quidem
977 3712 1051 3774 quoe
1073 3712 1093 3753 a

139 3790 234 3854 rebus
255 3802 385 3877 sumpta
406 3798 492 3866 sunt,
508 3789 548 3854 ad
569 3812 619 3853 res
635 3790 738 3855 redire
760 3800 910 3876 possunt:
942 3791 997 3854 sed
1018 3812 1093 3876 quae

138 3889 270 3956 inventa
292 3905 369 3954 sunt
391 3901 427 3951 ut
451 3886 621 3953 verborum
641 3888 783 3954 indicent
807 3890 1006 3975 qualitatem,
1029 3912 1092 3954 non

139 4016 174 4058 ea
189 3992 431 4068 commoditate,
449 3991 499 4055 vel
515 4014 590 4070 usu,
605 3991 814 4069 devocantur,
831 4007 866 4057 ut
891 4013 998 4057 rerum
1013 3993 1094 4057 indi-

140 4110 211 4161 cent
246 4093 449 4183 qualitatem.
505 4094 666 4160 Videntur
700 4094 784 4158 enim
820 4094 943 4181 aliquid
979 4092 1095 4156 habere

139 4196 242 4262 simile
277 4215 352 4258 cum
382 4192 432 4256 his
458 4192 629 4279 generibus
663 4195 846 4270 verborum,
876 4213 950 4276 quae
981 4189 1094 4250 Graece

140 4307 438 4385 syncategoremata
453 4292 668 4380 appellantur,
685 4316 723 4356 eo
737 4292 837 4377 quod,
853 4292 936 4353 sicut
952 4283 1093 4364 illorum,

139 4399 178 4464 ab
193 4395 373 4486 adjunctis,
386 4407 442 4458 aut
458 4407 516 4470 est,
529 4408 586 4457 aut
602 4390 812 4478 perpenditur
823 4381 1026 4472 significati03
1051 4385 1095 4448 sic
