2992 5592
412 809 471 868 110
663 818 801 864 sciurus
817 815 1095 863 ssansaatusssrs
1220 801 1303 881 [nm.
1319 819 1357 863 rr.

404 971 540 1038 fideliter
560 969 764 1056 intelligitur.
811 968 897 1034 Hinc
918 968 1001 1033 forte
1020 983 1068 1034 est
1091 968 1171 1033 illud
1194 971 1228 1034 in
1247 970 1359 1056 analy-

403 1077 492 1143 ticiss
530 1077 746 1141 Aristomenes
771 1074 985 1156 intelligibilis
1008 1096 1133 1158 semper
1161 1083 1230 1148 est.-
1268 1077 1360 1141 Aris·

402 1187 540 1245 tamem
561 1186 670 1243 summ
690 1199 758 1241 non
777 1198 912 1259 semper,
926 1176 1077 1262 quoniam
1098 1178 1284 1263 corruptilis
1298 1191 1357 1244 est.

402 1283 448 1346 Et
474 1282 535 1345 hoc
560 1280 691 1367 quidem
717 1291 766 1344 est
791 1277 998 1362 singulariter
1026 1277 1243 1357 individuum,
1270 1281 1358 1366 quod

402 1382 504 1447 solum
542 1381 674 1468 quidam
707 1385 799 1445 aiunt
836 1402 927 1466 posse
964 1378 1005 1443 de
1040 1378 1151 1467 aliquo
1179 1381 1357 1467 praedicari.

404 1483 498 1549 Plato
512 1484 596 1547 enim
612 1481 763 1548 Aristidis
782 1480 879 1557 lilius,
895 1502 952 1544 nec
971 1480 1151 1566 quantitate
1166 1496 1205 1547 ut
1220 1495 1355 1559 atornns,

401 1607 459 1648 nec
482 1582 655 1662 soliditate,
678 1596 715 1647 ut
736 1580 876 1660 mamas,
900 1581 956 1645 sed
979 1603 1037 1645 nee
1058 1582 1297 1668 praedicatione,
1319 1596 1355 1648 ut

401 1685 525 1762 dicunt,
554 1683 758 1750 individuum
788 1696 847 1750 est.
907 1683 980 1767 Ego
1016 1681 1146 1769 quidem
1176 1683 1354 1769 opinionem

401 1788 485 1852 hane
507 1787 711 1853 vehementer
732 1809 790 1850 nee
812 1784 977 1870 impugno,
1001 1806 1058 1848 nec
1081 1805 1269 1870 propugno:
1301 1808 1356 1850 nec

403 1891 486 1955 enim
513 1891 649 1956 multum
675 1889 793 1953 relerre
819 1886 968 1965 arbitror,
994 1888 1037 1952 ob
1062 1888 1132 1964 boc,
1160 1887 1248 1976 quod
1272 1888 1356 1953 illam

401 1991 577 2079 amplector
596 1989 842 2055 indifferentiam
866 1993 898 2055 in
922 1989 1140 2055 vicissitudine
1163 2013 1356 2068 sermonum,

402 2092 468 2156 sine
483 2114 548 2177 qua
567 2113 629 2155 non
650 2089 745 2154 credo
766 2091 949 2177 quempiam
973 2090 1015 2155 ad
1035 2104 1172 2156 mentem
1189 2104 1356 2158 auctorum

405 2191 542 2256 fideliter
566 2190 741 2278 pervenire.
793 2191 879 2269 Quid
908 2192 999 2257 obest
1026 2192 1063 2271 si,
1090 2191 1358 2279 quemadmodum

402 2316 504 2379 genus
519 2292 559 2356 de
575 2291 677 2378 specie
693 2313 805 2357 verum
828 2306 888 2370 est,
903 2293 995 2358 itaet
1015 2293 1109 2359 Plato
1130 2292 1190 2358 iste
1204 2295 1358 2361 sensibilis

405 2397 446 2461 de
461 2397 528 2460 filio
542 2392 697 2458 Aristidis
712 2416 808 2458 verus
822 2394 875 2472 sit,
892 2393 917 2458 si
933 2395 961 2459 ei
977 2399 1064 2460 solus
1078 2394 1173 2461 Plato
1187 2411 1236 2462 est
1251 2397 1357 2462 lilius?

407 2498 499 2563 Sicut
527 2496 610 2561 enirn
640 2496 736 2561 homo
765 2496 893 2578 animal,
917 2511 950 2562 et
974 2498 1029 2562 ille
1057 2512 1105 2564 est
1136 2498 1241 2565 Plato.
1287 2501 1358 2565 Hoc

405 2601 502 2678 enim,
531 2622 572 2665 ex
607 2599 756 2687 opinione
793 2599 1006 2687 quorundam,
1036 2601 1168 2666 sensisse
1196 2602 1286 2667 visus
1313 2616 1358 2669 est

403 2702 594 2768 Aristoteles
613 2702 646 2767 in
668 2702 845 2789 analyticis,
861 2702 986 2767 dicens:
1012 2701 1165 2769 Omnium
1179 2726 1258 2788 quoe
1270 2714 1357 2781 mett,

400 2809 472 2871 brec
485 2807 610 2889 quidem
625 2813 705 2869 sunt
720 2810 816 2882 tolia,
831 2814 870 2869 ut
889 2808 928 2871 de
946 2809 1039 2870 nullo
1052 2809 1118 2871 alio
1134 2809 1357 2890 proeatcentur

401 2931 474 2974 cere
495 2911 733 2984 universaliter,
748 2922 786 2972 ut
807 2908 906 2974 Cleon
930 2919 963 2973 et
986 2908 1115 2987 Callias,
1131 2923 1163 2974 et
1179 2910 1268 2997 quod
1290 2915 1354 2976 sist-

397 3014 519 3093 gulure
537 3018 569 3076 et
588 3011 744 3087 sensibile,
761 3012 802 3074 de
820 3012 872 3074 Iris
891 3018 999 3075 cutm
1018 3013 1208 3076 alimmum
1223 3015 1355 3078 ettom

400 3121 433 3178 et
447 3115 573 3177 animal
587 3120 724 3195 uterque
738 3133 848 3177 eorum
863 3120 922 3175 eet.
959 3115 1026 3176 Jtta
1040 3134 1123 3192 cero,
1132 3116 1205 3196 ipen
1219 3117 1356 3197 quidest,

400 3217 441 3279 de
463 3219 539 3280 aliis
559 3217 796 3298 praedicantur,
811 3216 851 3279 de
871 3216 923 3278 bis
943 3226 1063 3292 autem,
1078 3214 1141 3278 alia
1164 3217 1274 3301 priora
1293 3239 1353 3280 non

400 3315 626 3400 praedicantur.
670 3316 748 3380 Atta
769 3323 877 3380 nutem
894 3324 926 3380 et
945 3318 1017 3400 ipsc
1037 3318 1076 3381 de
1094 3320 1180 3396 aliis,
1200 3326 1233 3383 et
1250 3322 1291 3384 de
1309 3322 1357 3384 tta

400 3418 488 3479 alio:
511 3423 549 3479 ut
563 3417 652 3479 bomo
667 3417 707 3479 de
723 3417 843 3491 Callia,
855 3424 888 3480 et
901 3418 942 3481 de
955 3420 1081 3484 bomine
1094 3423 1231 3488 animal.
1271 3423 1355 3499 Quo-

402 3514 486 3579 niam
502 3538 580 3600 ergo
603 3514 753 3600 quaedam
775 3540 886 3583 eorum
909 3542 984 3605 quoe
1006 3534 1092 3601 sunt,
1106 3520 1148 3586 dc
1170 3523 1260 3589 nullo
1281 3536 1355 3589 nata

400 3628 476 3681 sunt
494 3616 558 3681 diei
580 3615 697 3703 palam,
714 3618 798 3696 (nam
814 3621 1010 3687 sensibilium
1031 3645 1125 3710 poene
1147 3625 1352 3712 unumquod-

400 3740 463 3803 que
489 3730 538 3783 est
568 3717 763 3804 hujusmodi,
793 3734 831 3787 ut
864 3720 906 3788 de
934 3723 1025 3789 nullo
1060 3725 1268 3811 praedicetur,
1296 3726 1353 3792 nisi

400 3816 576 3882 secundum
591 3816 754 3883 accidens:
779 3818 916 3888 dicimus
930 3824 1014 3890 enim
1035 3824 1232 3913 quandoque
1245 3827 1352 3893 album

399 3918 480 3984 illud
503 3921 663 3987 Socratem
684 3945 763 4000 esse,
779 3937 811 3989 et
827 3924 965 4003 veniens,
983 3926 1130 4009 Calliam)
1152 3951 1228 3994 sane
1247 3929 1354 4018 inepta

399 4020 528 4088 videtur
543 4023 611 4088 baec
632 4023 829 4107 distributio,
843 4027 903 4091 nisi
925 4029 1072 4095 sensibile
1093 4031 1258 4119 contingat
1274 4055 1353 4120 prn-

399 4124 510 4201 dicari,
533 4147 595 4190 non
620 4138 724 4190 tamen
748 4127 886 4206 dedic,
910 4128 969 4194 nisi
994 4128 1169 4194 secundum
1195 4133 1351 4198 accidens.

398 4228 433 4294 Si
448 4228 531 4293 enim
548 4250 606 4292 nec
619 4225 661 4290 de
675 4249 719 4303 se,
734 4249 793 4292 nec
806 4226 848 4290 de
861 4229 938 4309 alio,
952 4243 989 4294 ut
1005 4230 1181 4296 secundum
1196 4233 1351 4310 accidens,

397 4329 603 4416 praedicatur,
614 4352 671 4395 nec
682 4328 761 4394 dieti
773 4330 900 4410 veritas,
909 4353 967 4395 nec
978 4333 1060 4397 ratio
1070 4345 1195 4399 constat
1203 4334 1351 4422 exempli.

399 4428 493 4506 Quod
508 4432 537 4496 si
552 4453 609 4495 nec
628 4429 743 4516 subjici
764 4452 814 4495 res
836 4431 992 4497 sensibilis
1011 4447 1126 4519 potest,
1144 4436 1349 4503 Aristotelem
