2992 5592
491 819 568 863 vrrs
584 817 700 863 sancrr
716 818 844 863 rnoaaa
860 819 1022 865 canrosa
1177 809 1236 867 ³61

282 969 450 1034 Christum
476 982 574 1033 totam
594 969 718 1053 jactare
743 969 904 1035 fiduciam.
949 971 1084 1036 Publice
1110 975 1234 1039 mendi·

284 1072 432 1136 cautibus
447 1073 542 1156 pleno
557 1073 810 1155 compatiebatur
830 1074 946 1137 affectu
970 1083 1002 1137 et
1024 1075 1235 1140 subveniebat

284 1174 410 1250 effectu,
430 1187 465 1237 ut
484 1195 559 1237 cum
581 1174 676 1237 beato
695 1174 760 1236 Job
783 1174 888 1237 dicere
910 1187 1034 1258 posset:
1068 1178 1119 1239 Ab
1140 1177 1233 1241 initio

283 1274 404 1339 coaluit
419 1275 497 1338 mihi
513 1273 684 1352 miseratio,
699 1286 731 1338 et
745 1275 849 1357 pietas
865 1274 905 1338 da
919 1285 1009 1339 utero
1024 1278 1134 1340 matris
1152 1300 1231 1342 meas

282 1397 410 1457 egressa
425 1390 476 1439 est
490 1398 626 1439 mecam.

326 1475 519 1540 Liberalium
543 1498 617 1540 vero
641 1477 883 1560 disciplinarum
910 1478 1038 1541 scholas
1064 1478 1234 1559 egrediens

281 1576 322 1640 ad
349 1599 494 1641 curarum
521 1599 555 1640 se
577 1579 738 1642 transtulit
764 1580 1002 1663 occupationes,
1026 1580 1113 1642 etin
1141 1581 1233 1643 seriis

280 1698 389 1741 carum
405 1690 437 1742 et
450 1679 555 1760 nugis,
570 1690 665 1762 prout
680 1677 801 1742 serebat
816 1678 956 1762 spiritus,
967 1679 1032 1742 cito
1048 1679 1229 1761 praevaluit:

280 1779 373 1842 etsie
390 1780 625 1843 commilitones
641 1791 673 1842 et
688 1792 850 1843 coaetanos
874 1801 948 1843 suos
968 1780 1063 1843 facile
1085 1793 1229 1844 anteces-

279 1881 329 1944 sit
375 1881 468 1945 Licet
489 1894 593 1945 autem
612 1881 737 1958 studiis,
753 1893 847 1964 prout
868 1880 971 1944 aetatis
993 1882 1152 1964 urgebant
1173 1881 1230 1944 sti·

279 1982 367 2059 muli,
378 1981 578 2064 juvenilibus
593 1996 746 2066 ageretur,
762 1984 912 2065 vigebant
930 1994 1035 2046 tamen
1050 1984 1084 2046 in
1100 2004 1138 2046 eo
1153 1980 1230 2046 fidei

278 2082 368 2145 zelus
398 2094 429 2145 et
459 2081 697 2163 magnificentia
727 2085 836 2147 animi.
887 2085 967 2147 Erat
996 2096 1101 2146 tamen
1132 2105 1230 2168 supra

280 2183 409 2247 modum
432 2196 577 2268 captator
599 2207 683 2249 aurae
709 2185 885 2270 popularis,
904 2197 946 2264 et,
967 2185 1050 2269 qnod
1073 2187 1114 2250 de
1134 2184 1228 2249 beato

279 2285 380 2350 Britio
405 2287 584 2349 Turonensi
612 2288 737 2369 legitur,
763 2285 802 2349 de
826 2288 898 2370 ipso
923 2309 989 2350 non
1016 2287 1227 2352 dubitaverim

277 2389 510 2465 affirmandum,
534 2388 621 2473 quod
647 2390 708 2453 etsi
733 2390 890 2473 superbus
911 2400 996 2452 esset
1020 2401 1052 2452 et
1074 2412 1174 2454 vanus
1196 2401 1228 2453 at

278 2489 435 2553 interdum
462 2490 576 2555 faciem
603 2490 814 2575 praetenderet
838 2491 1024 2574 insipienter
1052 2492 1227 2555 amantium

276 2598 308 2652 et
329 2590 425 2655 ,rerba
446 2589 610 2672 proferret,
631 2589 838 2652 admirandus
861 2600 966 2650 tamen
992 2600 1025 2650 et
1052 2590 1227 2654 imitandus

278 2701 344 2752 erat
357 2690 391 2752 in
408 2691 551 2771 corporis
566 2689 721 2750 castitate.

317 2791 425 2863 Quum
456 2810 529 2851 vero
559 2788 592 2851 in
623 2789 720 2851 curiis
748 2809 916 2870 procerum
950 2789 1086 2870 plurima
1115 2799 1226 2853 contra

276 2892 474 2955 honestatem
487 2890 562 2953 cleri
578 2891 643 2972 geri
656 2889 866 2974 conspiceret,
879 2900 912 2952 et
926 2891 1105 2954 convictum
1117 2912 1225 2953 eorum

274 2993 449 3077 proposito,
473 2993 526 3055 cui
552 2991 700 3055 addictus
723 3003 799 3070 erat,
818 2990 1030 3074 perniciosius
1054 2991 1224 3065 adversari,

274 3094 429 3157 instinctu
444 3092 550 3175 potius
566 3091 675 3172 gratim
691 3100 723 3154 et
738 3089 857 3153 ducatu
875 3111 971 3172 quam
988 3090 1122 3153 consilio
1145 3091 1224 3154 ami·

275 3216 382 3257 eorum
398 3206 453 3257 aut
467 3196 656 3266 interventu,
673 3215 707 3256 se
724 3192 764 3256 ad
781 3203 900 3276 patrem
915 3193 978 3274 piae
994 3191 1223 3256 recordationis

273 3295 495 3359 Theobaldum
513 3295 776 3360 Cantuariensem
789 3293 1064 3377 archiepiscopum
1077 3294 1223 3373 contulit,

274 3404 305 3460 et
320 3407 519 3478 promerente
535 3395 691 3458 industria
706 3395 740 3457 iu
756 3394 843 3457 brevi
865 3394 1014 3456 inventus
1036 3405 1085 3456 est
1106 3392 1223 3474 dignus

273 3507 308 3560 ut
321 3497 585 3560 familiarissimus
596 3496 665 3581 ejus
680 3496 762 3558 inter
777 3495 988 3578 paucissimos
1004 3495 1222 3559 ascriberetur.

272 3598 359 3671 Quot
374 3607 478 3661 autem
495 3608 528 3661 et
545 3608 682 3680 quantos
705 3596 752 3658 ibi
774 3617 832 3679 pro
848 3597 985 3674 ecclesia
1008 3595 1071 3659 Dei
1094 3596 1222 3661 labores

270 3699 443 3782 pertulerit,
460 3698 648 3782 quotiesque
668 3717 726 3779 pro
742 3693 953 3778 expediendis
972 3696 1221 3763 necessitatibus

271 3799 495 3864 ecclesiasticis
523 3798 737 3880 apostolorum
771 3795 882 3858 limina
911 3796 1092 3873 visitaverit,
1123 3821 1219 3882 quam

270 3902 355 3965 felici
382 3903 480 3978 exitu,
507 3921 578 3984 quar
608 3898 669 3960 sibi
699 3897 843 3982 injuncta
868 3900 1001 3976 sacrant,
1027 3900 1219 3982 expedierit,

272 4024 473 4088 nequaquam
496 4001 584 4064 dictu
599 4000 691 4062 sacile
706 4013 765 4075 est,
781 4001 953 4083 prasertim
978 3997 1219 4080 compendiario

271 4125 336 4167 non
349 4104 473 4185 singula
484 4101 686 4186 exprimenti,
700 4101 757 4164 sed
773 4099 935 4180 colligenti
950 4117 1105 4159 summam
1117 4117 1219 4160 rerum

271 4216 303 4268 et
319 4226 446 4268 causam
463 4203 603 4286 martyrii
619 4201 689 4285 ejus
703 4221 864 4284 exponere
881 4197 1038 4277 gestienti.

318 4307 361 4370 Ut
376 4327 450 4368 varo
466 4306 498 4367 in
512 4305 617 4367 causis
632 4299 819 4384 perorandis
830 4311 862 4359 et
874 4295 1062 4359 decidendis
1074 4309 1106 4360 et
1117 4319 1219 4381 popu·

270 4409 311 4471 lis
326 4405 517 4472 instruendis
532 4428 550 4468 a
567 4406 638 4467 Deo
658 4401 883 4485 pradestinato
900 4398 1034 4462 facilitas
1056 4413 1219 4481 pararetur
