2992 5592
273 830 339 874 car.
355 810 455 885 xtra]
618 824 859 871 usrsuoorcns.
1159 817 1225 875 205

272 997 331 1047 tem
352 1001 485 1067 quoque
510 978 571 1042 Dei
594 987 738 1061 patenter
759 977 902 1062 exponit,
922 990 959 1040 ut
983 979 1062 1044 sciat
1087 981 1224 1067 quisque

269 1083 347 1170 quid
373 1084 478 1168 ipsum
504 1093 650 1164 oporteat
675 1079 791 1144 facere.
837 1081 883 1143 Et
910 1080 984 1166 quia
1010 1094 1073 1145 tam
1101 1104 1221 1161 sensus,

269 1207 363 1271 quam
380 1182 461 1246 ratio
473 1181 613 1244 humana
627 1181 810 1266 frequenter
822 1194 917 1260 errat,
926 1180 967 1244 ad
983 1181 1221 1268 intelligentiam

267 1285 420 1361 veritatis,
435 1284 574 1370 primum
590 1282 833 1348 fundamentum
849 1285 1006 1348 locavitin
1022 1285 1097 1349 fide.
1135 1287 1223 1351 Hinc

267 1402 315 1452 est
332 1386 415 1451 illud
443 1384 597 1460 Philonis,
615 1386 647 1447 in
667 1382 751 1449 libro
772 1386 958 1471 Sapientiae:
984 1388 1048 1459 Qui
1067 1389 1224 1471 confidant

268 1491 302 1552 ia
319 1490 470 1567 Domino,
480 1489 655 1571 intelligent
670 1489 842 1564 veritatem,
851 1498 882 1550 et
884 1489 998 1570 fideles
1012 1491 1046 1552 ia
1061 1491 1225 1555 dilectione

268 1594 468 1677 adquiescunt
484 1592 545 1654 illi.

270 1783 348 1866 Cap.
365 1782 417 1844 42.
451 1779 544 1855 Quod
567 1778 705 1842 visibilia
722 1787 905 1860 argumenta
927 1779 1069 1842 mandam
1087 1785 1225 1845 vanitati

307 1883 470 1964 adjectum
493 1903 556 1944 esse
576 1881 784 1951 convincant,·
810 1891 841 1943 et
862 1891 931 1963 qua
949 1881 1154 1965 cataasuerit
1174 1883 1225 1947 tic

298 1987 443 2068 finiendi
457 1985 578 2048 libram.

315 2106 383 2168 San
399 2104 467 2167 haec
490 2104 655 2166 hactenus.
700 2103 775 2164 Jam
797 2100 879 2165 enim
903 2101 979 2166 flere
998 2103 1101 2188 magis
1120 2119 1223 2182 vacat,

269 2227 366 2291 quam
388 2205 540 2269 scribere:
573 2217 605 2267 et
635 2201 753 2268 visibili
779 2219 968 2288 argumento
994 2205 1108 2269 doceor
1133 2208 1222 2293 quod

270 2305 409 2369 mundus
424 2319 510 2370 totus
525 2305 669 2390 subjacet
685 2306 830 2370 vanitati.
872 2308 1125 2392 Expectavimus
1139 2313 1223 2374 euim

271 2430 390 2494 pacenu
406 2421 439 2472 et
459 2432 530 2471 ecce
552 2408 692 2472 turbatio
710 2422 742 2472 et
762 2421 934 2494 tempestas
957 2411 1108 2494 ingruens
1128 2411 1224 2477 Tolo-

270 2513 364 2592 sanis,
385 2510 506 2596 Anglos
529 2523 561 2573 et
586 2508 697 2573 Gallos
720 2511 863 2595 undique
885 2513 1043 2576 concitat:
1073 2525 1106 2577 et
1121 2537 1222 2598 reges,

271 2636 351 2699 quos
366 2612 570 2676 amicissimos
586 2610 736 2689 vidimus,
747 2635 779 2675 se
789 2612 1013 2676 insatiabiliter
1027 2635 1224 2699 persequun-

273 2726 335 2778 tur.
383 2715 438 2777 Ad
463 2713 542 2790 hare,
558 2736 642 2775 mors
664 2712 785 2776 domini
802 2712 936 2775 Adriani
954 2712 1077 2776 Summi
1092 2715 1225 2776 Pontifi-

272 2817 327 2891 cis,
343 2839 446 2902 quum
462 2839 570 2879 omnes
587 2815 778 2880 Christianae
793 2815 956 2898 religionis
970 2812 1108 2899 populos
1123 2819 1226 2880 natio·

273 2939 392 3003 nesque
413 2917 661 3002 perturbaverit,
677 2915 825 2999 Anglianr
849 2929 1000 2997 nostram,
1016 2913 1100 2978 unde
1120 2919 1224 2982 suerat

271 3019 437 3097 oriundus,
466 3018 619 3082 acerbiori
654 3017 764 3080 dolore
799 3017 979 3092 commovit,
1015 3018 1226 3102 irrigavitque

271 3120 443 3206 lachrymis
464 3120 710 3206 profusioribus.
758 3119 906 3181 Omnibus
929 3120 984 3183 ille
1008 3119 1228 3204 boniaflebilir

271 3225 393 3299 occidit,
408 3223 461 3286 sed
475 3223 705 3312 autliflabilior,
718 3244 807 3304 qrtam
821 3223 907 3284 miti.
944 3222 1049 3296 Quum
1063 3223 1147 3285 euim
1160 3245 1226 3287 ma·

273 3339 352 3391 trem
374 3325 516 3401 haberet,
538 3340 570 3388 et
593 3326 723 3389 fratrem
745 3327 924 3396 uterinum
949 3345 1010 3400 me,
1028 3346 1125 3409 quam
1145 3324 1227 3405 illos,

272 3428 400 3491 arctiori
416 3426 570 3512 diligebat
586 3427 713 3490 affectu.
752 3421 930 3489 Fatebatur
945 3425 1039 3489 etiam
1055 3427 1184 3513 publice
1193 3442 1226 3493 et

274 3542 405 3608 secreto,
420 3529 507 3613 quod
526 3551 577 3592 me
597 3549 665 3612 prae
688 3526 836 3591 omnibus
854 3525 1043 3591 mortalibus
1061 3527 1227 3614 diligebat.

274 3631 356 3694 Earn
372 3631 413 3695 de
428 3654 479 3693 me
494 3644 680 3716 conceperat
698 3630 891 3715 opinionem,
908 3642 944 3693 ut
963 3630 1089 3714 quoties
1110 3654 1226 3718 oppor-

276 3734 396 3797 tunitas
415 3733 537 3809 aderat,
554 3732 776 3796 conscientiam
800 3754 889 3796 suam
911 3733 943 3796 iu
965 3749 1135 3819 conspectu
1156 3759 1227 3802 meo

273 3833 438 3897 effundere
460 3834 635 3897 laetaretur.
691 3835 736 3895 Et
760 3856 860 3918 quum
884 3837 1050 3899 Romanus
1076 3839 1226 3902 Pontifex

274 3949 367 4013 esset,
384 3957 433 3998 me
448 3935 479 3998 in
490 3936 620 4020 propria
631 3957 736 3997 mensa
746 3934 909 4020 gaudebat
922 3936 1037 4000 habere
1045 3939 1225 4003 convivam:

274 4052 305 4100 et
327 4037 463 4100 eundem
478 4037 634 4121 scyphum
657 4048 689 4098 et
705 4035 841 4115 discum,
856 4037 917 4101 sibi
940 4037 1067 4099 etmihi
1092 4039 1227 4114 volebat,

274 4153 306 4201 et
320 4137 469 4215 faciebat,
485 4159 535 4199 me
558 4139 723 4210 renitente,
739 4159 805 4199 esse
825 4158 1034 4201 communem.
1080 4135 1135 4197 Ad
1156 4158 1228 4221 pre·

274 4257 328 4301 ces
351 4260 439 4303 meas
464 4236 580 4302 illustri
605 4238 672 4321 regi
696 4237 887 4320 Anglorum‚
912 4236 1053 4300 Henrioo
1076 4234 1228 4313 secundo,

274 4338 426 4403 concessit
446 4353 478 4403 et
494 4338 585 4403 dedit
607 4337 797 4401 Hiberniam
814 4337 889 4422 jure
908 4332 1110 4398 haereditario
1129 4340 1229 4419 possi.

275 4439 426 4519 dendam,
451 4439 533 4504 sicut
558 4438 660 4503 literae
681 4439 783 4524 ipsius
805 4448 963 4501 testantur
985 4435 1017 4498 iu
1039 4433 1228 4509 hodiernum
