2992 5592
400 781 442 842 40
657 795 796 841 miurus
811 792 1091 840 sanusnnnrsnsrs
1228 779 1310 859 [arn.
1327 798 1348 844 1.

394 947 486 1013 terim
509 945 613 1019 credo,
634 946 723 1032 quod
746 947 823 1011 nihil
847 944 1014 1031 significat.
1061 945 1155 1023 Quod
1179 948 1263 1012 enim
1287 971 1344 1013 non

394 1048 554 1113 invenitur
572 1070 717 1135 usquam,
733 1072 800 1112 esse
820 1060 902 1135 puto
923 1069 1090 1133 nusquam.
1138 1047 1258 1114 Similis
1273 1074 1349 1137 qao-

395 1174 459 1237 que
474 1149 585 1214 abusio
607 1163 666 1229 est,
689 1151 714 1214 si
738 1153 812 1236 quis
832 1151 930 1228 dicat,
945 1172 1047 1232 equus
1061 1153 1183 1215 desinr't
1196 1154 1235 1214 in
1251 1156 1278 1216 S
1285 1179 1297 1217 .·
1318 1165 1347 1216 et

396 1251 518 1317 similia.
577 1254 674 1316 ltem:
716 1256 797 1318 Cato
834 1253 949 1317 sedens
981 1255 1069 1316 inter
1096 1255 1294 1334 janiculam,
1322 1262 1352 1318 et

397 1355 566 1418 Kalendas
576 1355 731 1434 Martios,
742 1361 842 1418 vestes
853 1357 970 1436 populi
981 1356 1123 1418 Romani
1133 1358 1349 1437 quaternario,

396 1462 459 1520 aut
479 1457 609 1519 senione
631 1457 776 1534 resarcit,
793 1466 849 1517 aut
872 1476 974 1516 sermo
996 1477 1059 1517 non
1083 1468 1142 1535 est,
1157 1449 1214 1519 ant
1236 1454 1349 1541 quovis

398 1579 540 1620 sermone
570 1557 740 1641 nugatorio
774 1556 964 1642 corruptior.
1020 1557 1219 1643 Hujusmodi
1250 1580 1349 1621 sermo

396 1658 541 1744 quidem,
560 1661 764 1741 stichiologus
785 1657 914 1732 dicitur,
930 1656 964 1719 id
985 1670 1044 1732 cst,
1059 1679 1161 1721 sermo
1181 1661 1348 1722 inumeris:

398 1757 539 1844 eoquod
554 1758 707 1822 adversus
723 1757 875 1844 loquendi
894 1757 980 1842 leges
993 1769 1110 1821 coeunt
1130 1758 1236 1822 verba.
1267 1761 1348 1823 Nam

399 1857 501 1943 στίχος
516 1881 642 1923 nereus:
664 1858 749 1923 trude
764 1862 947 1934 distichum,
963 1857 1099 1921 duorum
1118 1881 1266 1923 versuum
1283 1879 1349 1922 car·

399 1983 481 2025 meu.
529 1963 636 2036 Quum
658 1982 754 2045 super
773 1960 833 2022 lroc
855 1959 991 2023 articulo
1007 1960 1125 2024 multos
1144 1961 1350 2040 conferentes,

399 2074 432 2125 et
462 2061 550 2123 varia
579 2060 747 2126 sentientes
780 2060 945 2141 audierim,
975 2084 1036 2124 non
1068 2061 1190 2148 pigebit
1222 2063 1349 2139 referre,

399 2184 456 2224 nec
471 2161 554 2224 forte
570 2160 680 2224 audire
692 2160 885 2247 displicebit,
897 2161 984 2247 quod
999 2185 1018 2225 a
1035 2165 1150 2228 Graeco
1164 2165 1349 2251 interprete,

400 2261 508 2348 etqui
534 2262 678 2326 Latinam
702 2263 844 2348 linguam
867 2265 1031 2327 commode
1053 2280 1195 2345 noverat,
1217 2266 1294 2331 dum
1318 2266 1347 2329 in

400 2362 519 2446 Apulia
549 2385 699 2439 morarer,
730 2365 855 2449 accepi:
888 2385 959 2426 nam
986 2377 1018 2428 et
1047 2365 1106 2448 ipsi
1135 2365 1208 2428 volo
1233 2367 1348 2431 referre

401 2465 550 2548 gratiam,
566 2468 625 2528 etsi
639 2487 704 2528 non
729 2467 882 2528 utilitatis
898 2463 987 2548 (quae
1002 2477 1106 2528 tamen
1122 2466 1153 2528 in
1175 2465 1224 2529 his
1243 2469 1350 2553 aliqua

401 2572 463 2650 cst)
488 2566 596 2630 saltem
628 2566 720 2629 boum
747 2565 933 2641 voluntatis,
957 2589 1022 2651 qua
1051 2566 1252 2632 auditoribus
1278 2591 1350 2655 pro-

399 2667 488 2732 desse
514 2668 672 2753 cupiebat.
719 2667 847 2730 Primus
872 2688 950 2750 ergo
979 2665 1076 2752 hujus
1103 2669 1268 2732 sententiae
1293 2683 1349 2734 aut

398 2768 556 2854 opinionis
571 2768 726 2831 articulus
746 2780 807 2842 est,
823 2789 917 2852 quem
934 2767 1092 2851 praemisi:
1116 2769 1204 2853 quod
1220 2769 1348 2856 adjecti·

400 2890 513 2930 rorum
531 2866 677 2931 secundae
697 2866 917 2952 impositionis,
937 2879 969 2930 et
989 2867 1261 2933 substantivorum
1285 2870 1349 2957 pri·

400 2993 461 3035 mse
475 2969 668 3057 conjunctio,
681 2971 776 3034 etiam
789 2969 961 3033 secundum
974 2971 1190 3055 grammaticae
1202 2973 1348 3051 rationes,

398 3075 628 3160 inconsequens
650 3085 707 3136 est.
755 3070 863 3134 Habet
884 3084 993 3135 nartem
1008 3072 1113 3135 nescio
1128 3074 1208 3157 quid
1224 3075 1349 3140 latentis
1368 3059 1373 3071 ⁸

398 3176 531 3258 ἆφωνῖας,
557 3175 590 3240 id
618 3187 677 3250 est,
704 3177 983 3238 inconsonantiae:
1007 3173 1055 3236 vel
1085 3179 1133 3253 lut
1160 3177 1348 3252 Quintiliani

399 3278 497 3341 verbo
520 3283 603 3358 utar)
626 3276 817 3360 cacozugiae,
839 3272 873 3338 id
900 3287 958 3356 cst,
980 3279 1078 3339 malae
1103 3279 1348 3358 conjunctionis,

399 3377 468 3439 haec
483 3376 652 3462 appositio,
668 3398 764 3458 quarn
787 3375 846 3438 etsi
867 3396 1063 3461 nequeamus
1084 3390 1148 3441 tarn
1171 3377 1264 3444 facilc
1279 3404 1348 3467 per·

398 3475 518 3562 spicuis
533 3474 711 3538 rationibus
725 3475 948 3554 condemnare,
963 3500 1020 3562 per
1035 3500 1068 3541 se
1083 3491 1188 3543 tamen
1203 3480 1348 3568 displicet

399 3576 616 3641 Grammatico
641 3575 793 3640 auditori.
847 3579 942 3644 Talia
972 3579 1099 3665 quidem
1129 3583 1232 3647 multa
1261 3598 1346 3663 sunt,

399 3700 473 3762 quae
489 3676 595 3740 statim
611 3675 790 3754 offendunt,
804 3676 877 3743 licet
892 3702 1000 3742 eornm
1017 3679 1209 3767 improbatio
1225 3682 1349 3769 longius

398 3779 492 3844 absit.
538 3776 631 3855 Quod
653 3778 736 3842 forte
756 3778 787 3842 in
809 3779 859 3843 his
876 3781 993 3855 evenit,
1010 3805 1147 3866 quorum
1164 3787 1279 3863 virtus,
1294 3799 1348 3850 aut

398 3881 512 3945 vitium
542 3880 745 3965 perspicuum
782 3893 840 3945 est.
900 3883 949 3946 Ut
984 3883 1121 3946 multum
1162 3900 1271 3971 parcat
1301 3887 1349 3950 hic

400 3983 627 4063 Grammatico,
642 3982 834 4071 ἀκυςολὸγιαν
848 3984 1070 4070 deprehendit.
1110 3987 1172 4052 llla
1187 3988 1270 4052 enim
1288 4012 1347 4053 non

396 4086 492 4151 modo
518 4085 727 4150 accidentium
757 4087 973 4150 dissidentiam
998 4086 1028 4149 in
1056 4087 1232 4154 dictionum
1254 4092 1346 4177 junc-

396 4206 468 4256 tura
497 4200 665 4252 causatur:
705 4187 759 4251 scd
796 4185 891 4249 ctiam
930 4187 1125 4252 secundariae
1161 4190 1349 4257 inventionis

394 4291 614 4377 adjectionem,
635 4289 666 4352 in
689 4288 897 4351 substantivis
918 4288 1040 4372 primae,
1057 4290 1146 4356 ducit
1168 4294 1350 4359 absurdam.

394 4393 438 4457 Et
463 4393 593 4478 quidem
621 4413 658 4453 ea
685 4389 805 4451 ratione
831 4391 973 4453 (absurda
996 4400 1055 4471 est,
1079 4394 1165 4477 qnod
1193 4396 1233 4459 ad
1255 4398 1348 4482 junc-
