2992 5592
262 807 325 867 330
523 783 660 860 rasurus
675 811 961 858 ssassssaruusrs

262 967 478 1033 wallensibus
509 966 761 1049 triumphasset3
791 965 970 1048 exquisitis
1002 968 1225 1031 occasionibus

262 1071 366 1154 sopita
395 1090 469 1132 curn
498 1067 741 1148 archiepiscopo
772 1066 875 1148 coepit
900 1066 1015 1149 jurgia
1042 1068 1224 1131 instaurare

263 1175 347 1237 Nam
371 1171 403 1233 in
423 1169 682 1233 successionibus
701 1168 894 1230 insolentior
915 1181 986 1231 erat
1006 1181 1041 1233 et
1059 1170 1130 1233 sere
1150 1172 1226 1233 into·

260 1273 412 1338 lerabilis.
459 1270 556 1333 Redit
572 1269 755 1343 Ansclmus,
770 1282 802 1329 et
816 1268 934 1330 iterato
953 1267 1058 1330 eundi
1073 1270 1118 1332 ad
1133 1269 1226 1332 dorru'·

263 1398 341 1438 num
363 1395 482 1458 papam
503 1371 666 1435 licentiam
693 1369 781 1451 petit.
834 1368 939 1432 Jubet
964 1381 1099 1445 re1,ut
1126 1382 1227 1453 erepto

265 1477 443 1552 desisteret,
458 1495 556 1557 quum
572 1471 668 1555 hujus
682 1470 804 1533 itineris
818 1483 877 1532 aut
891 1473 983 1534 nulla
1002 1482 1061 1535 aut
1076 1495 1179 1537 vacus
1191 1473 1227 1535 sit

265 1600 373 1643 causa.
417 1577 471 1639 Ait
490 1577 577 1638 enim
598 1573 801 1657 prudentiam
823 1575 971 1636 Anselmi
996 1595 1066 1638 nou
1087 1575 1224 1657 indigere

244 1680 414 1757 ,consilio,
429 1700 489 1741 nec
505 1677 706 1739 absolutione
720 1675 907 1758 puritatem.

311 1784 502 1845 Revertente
534 1778 778 1861 archiepiscopo
811 1775 853 1840 sd
892 1776 1003 1839 sillam
1043 1799 1148 1856 suam,
1178 1781 1225 1842 cui

268 1884 372 1945 Hersa
387 1902 504 1943 nomen
520 1891 578 1956 est,
594 1879 698 1961 lepus,
713 1898 807 1960 quem
832 1898 933 1939 canes
954 1878 1138 1957 agitabant,
1151 1882 1227 1944 infra

268 1979 370 2065 pedes
398 1979 474 2062 equi
504 1977 556 2040 cui
587 1976 651 2038 Dei
680 1974 817 2036 famulus
847 1974 1014 2038 insidebat
1043 1979 1226 2061 praesidiutu

270 2079 426 2164 quaesirit.
479 2074 629 2139 Substitit
648 2087 754 2156 pater3
775 2073 997 2158 instantesque
1021 2098 1124 2142 canes
1143 2101 1228 2143 acce·

268 2178 344 2242 dere
373 2177 505 2260 propius
534 2196 599 2236 non
630 2173 802 2237 audebant.
857 2174 1021 2238 Mirantur
1051 2200 1165 2242 omnes
1197 2192 1228 2242 et

269 2289 415 2361 stupent;
440 2277 487 2337 sir
496 2275 559 2338 Dei
572 2276 716 2338 bestiolae
729 2275 923 2359 compatitur
933 2276 1071 2356 infelici,
1086 2301 1228 2345 asserens

269 2379 321 2461 agi
344 2377 429 2439 circa
451 2375 590 2438 animam
613 2377 796 2458 peccatoris
819 2375 859 2438 de
882 2397 1018 2459 corpore
1047 2395 1227 2445 exeuntem.

270 2477 397 2543 Deinde
413 2475 498 2539 edita
513 2496 592 2537 noce
611 2477 753 2558 leporem
775 2478 931 2560 praecepit
951 2478 1053 2556 abire,
1072 2494 1106 2543 et
1124 2493 1230 2545 aucto·

270 2582 362 2645 ritate
377 2578 477 2642 solius
494 2577 581 2640 serbi
597 2599 694 2640 canes
709 2578 878 2641 continuit.
927 2579 998 2643 Alia
1013 2583 1085 2645 rice
1101 2585 1230 2648 avicula

270 2681 385 2767 pedem
408 2679 463 2742 filo
486 2678 634 2742 innixum
661 2678 776 2740 ridens
799 2692 830 2742 et
853 2701 952 2761 puero
975 2691 1110 2747 tenente
1134 2685 1231 2762 filum,

272 2805 358 2848 nunc
381 2804 471 2846 arem
494 2781 612 2844 retrahi
632 2802 717 2843 nunc
741 2779 875 2856 dimitti3
903 2783 1026 2865 optavit
1050 2798 1086 2848 ut
1108 2789 1231 2850 avicula

272 2894 365 2969 rupto
391 2883 446 2945 filo
471 2884 669 2945 liberaretur.
716 2881 888 2964 impletum
912 2894 962 2944 est
987 2884 1079 2947 illico
1105 2887 1228 2952 deside

274 2987 366 3063 dum,
387 2995 419 3048 et
440 3005 520 3068 puer
542 3004 632 3046 avem
656 2983 781 3045 evolare
808 2982 908 3046 flevit.
952 2985 1091 3049 Exultat
1116 2988 1230 3052 Ansel-

274 3107 357 3162 mus,
372 3086 502 3149 ariculae
517 3082 742 3163 congaudens3
766 3082 884 3166 adjecit
904 3083 950 3146 sic
972 3085 1051 3148 flere
1067 3085 1229 3151 diabolum

275 3187 486 3252 evadentibus
502 3186 552 3248 his
568 3206 649 3267 quos
665 3185 779 3266 laqueo
795 3184 920 3265 peccati
937 3188 1071 3250 tenebat
1087 3191 1230 3252 innexos

276 3293 361 3354 Nam
384 3289 447 3351 sere
464 3288 581 3362 omnia,
598 3307 670 3368 quae
690 3285 842 3361 habebat,
858 3283 1012 3350 audiebat
1027 3290 1079 3352 rel
1095 3289 1232 3368 videbat,

275 3403 457 3455 convertere
472 3389 596 3452 solebat
611 3387 653 3449 ad
668 3387 924 3450 informationem
942 3390 1028 3452 sitae.

319 3498 348 3556 Α
368 3512 442 3574 rege
463 3490 569 3552 denuo
588 3500 757 3551 revocatus
773 3492 943 3552 Anselmus
963 3502 996 3554 et
1016 3493 1103 3556 inter
1121 3508 1234 3560 caetera

277 3593 409 3676 petitam
425 3589 588 3651 licentiam
604 3588 696 3650 tertio
712 3588 837 3670 repetit.
882 3590 1045 3654 Turbatur
1064 3614 1135 3672 rex,
1150 3607 1184 3659 et
1202 3617 1235 3657 se

276 3691 373 3754 nimis
393 3688 500 3750 vexari
524 3689 746 3771 conqueritur;
763 3689 884 3770 jubens
910 3689 943 3751 in
967 3690 1071 3754 surore
1095 3715 1155 3757 suo
1178 3716 1235 3778 per

277 3788 499 3862 internuntios,
522 3799 558 3851 ut
578 3787 791 3851 incontinenti
813 3810 944 3870 regnum
967 3804 1064 3853 exeat
1085 3794 1156 3857 sine
1178 3816 1235 3879 spe

277 3887 444 3963 redeundi,
459 3895 515 3948 aut
536 3899 644 3969 coeptn
667 3887 826 3952 desistens
842 3889 1052 3974 jurejurando
1069 3897 1237 3976 promittat

279 4020 313 4061 se
333 4010 497 4075 nunquam
517 3989 648 4051 beatum
668 3989 799 4052 Petrum
823 3992 871 4054 vel
884 3992 1002 4055 sedem
1024 3998 1237 4077 apostolicam

278 4120 335 4184 pro
365 4093 495 4177 negotio
526 4091 670 4176 quolibet
707 4094 950 4175 appellaturum.
1006 4095 1052 4159 Et
1088 4099 1240 4182 subjecit,

279 4196 366 4286 quod
388 4198 415 4259 si
437 4215 598 4258 remanere
618 4194 722 4267 veltet,
739 4192 900 4276 judicium
921 4195 1019 4258 curiae
1041 4212 1242 4283 sequeretur,

279 4300 366 4388 quod
390 4321 409 4362 a
431 4318 504 4378 rege
526 4295 661 4380 petierat
682 4295 715 4356 in
739 4316 804 4377 quo
831 4317 897 4358 non
924 4296 1029 4361 suerat
1052 4321 1240 4383 persevera·

279 4417 376 4469 turus.
434 4397 488 4459 Ad
513 4397 582 4458 haec
609 4395 794 4457 anselmus:
837 4396 1038 4461 “Dominus
1065 4413 1126 4481 est,
1153 4403 1242 4488 quod
