2992 5592
129 821 192 866 cna.
209 802 248 882 n]
499 821 713 868 norinorum.
1049 814 1086 875 13

130 974 210 1038 entia
230 970 375 1058 elinguis
397 972 437 1036 ad
454 974 600 1038 solatium
623 973 843 1047 conscientie-²3
874 996 946 1039 raro
967 990 1083 1058 tamen,

131 1089 160 1139 et
177 1096 290 1162 parum
308 1073 434 1138 confert
450 1074 490 1138 ad
507 1097 599 1138 nsum
621 1074 779 1140 societatis
794 1076 952 1144 bumanae.
997 1083 1081 1143 Nam

131 1178 220 1252 ratio,
238 1176 383 1241 scientiae
406 1175 628 1261 virtutumque
650 1200 773 1263 parens,
789 1177 896 1255 altrix,
911 1191 943 1244 et
966 1195 1083 1262 custos,

132 1301 204 1364 qnae
227 1279 269 1344 de
292 1277 392 1342 verbo
414 1278 614 1365 frequentius
640 1283 790 1364 concipit,
813 1293 846 1345 et
870 1285 1082 1369 perverbum

132 1379 346 1460 numerosius,
361 1394 393 1446 et
417 1380 613 1444 fructuosius
630 1381 725 1467 parit,
741 1398 798 1448 aut
821 1384 949 1448 omnino
969 1388 1083 1452 sterilis

134 1497 344 1569 permaneret,
371 1498 428 1548 aut
448 1482 579 1568 quidem
600 1484 798 1564 infoecunda,
820 1486 845 1549 si
868 1510 929 1550 non
953 1511 1084 1574 concep-

135 1586 230 1649 tionis
251 1586 408 1660 fructum‚
425 1584 455 1648 in
472 1585 574 1649 lucem
596 1586 703 1651 ederet
719 1587 864 1672 eloquio:
892 1602 924 1652 et
939 1589 1083 1667 invicem,

134 1687 221 1773 quod
239 1688 345 1764 sentit,
360 1687 502 1772 prudens
514 1687 647 1772 agitatio
663 1689 776 1752 mentis
787 1689 967 1754 hominibus
982 1692 1087 1778 publi-

136 1800 232 1852 caret.
279 1790 361 1852 Haec
382 1801 489 1852 autem
514 1801 561 1852 est
577 1787 632 1853 illa
652 1788 756 1852 dulcis
776 1802 809 1853 et
829 1788 992 1854 fructuosa
1011 1814 1086 1857 con·

134 1888 262 1975 jugatio
290 1890 421 1954 rationis
449 1909 481 1955 et
508 1889 608 1968 verbi,
632 1913 706 1975 quse
732 1902 780 1955 tot
806 1892 949 1977 egregias
974 1896 1085 1979 genuit

139 1991 243 2069 urbes,
265 2004 312 2056 tot
334 1990 515 2055 conciliavit
536 2006 568 2055 et
590 1989 757 2056 foederavit
782 2014 890 2077 regna,
915 2007 962 2059 tot
983 1996 1086 2062 univit

137 2093 283 2181 populos,
298 2107 329 2158 et
345 2097 474 2158 caritate
489 2092 651 2157 devinxit:
682 2105 717 2157 ut
733 2094 832 2158 bostis
846 2095 987 2160 omniurn
1003 2100 1085 2184 pub-

136 2195 216 2259 licus
239 2195 354 2259 merito
375 2207 552 2271 censeatur,
573 2194 718 2280 quisquis
739 2194 810 2270 hoc,
831 2197 918 2281 quod
940 2196 980 2262 ad
1003 2200 1088 2264 utili-

138 2310 237 2362 tatem
271 2300 415 2361 omnium
452 2300 543 2361 Deus
577 2296 752 2380 conjunxit,
782 2295 897 2361 nititur
930 2322 1085 2386 separare.

138 2398 305 2463 Mercurio
320 2398 530 2485 Philologiam
553 2396 684 2475 invidet,
698 2411 730 2463 et
751 2398 792 2462 ab
814 2403 964 2484 amplexu
980 2404 1088 2467 Philo-

136 2505 233 2586 logiae
243 2500 443 2566 Mercurium
454 2497 835 2586 avellit,quieloqnentiae
845 2504 1088 2586 praeceptionem

138 2630 157 2671 a
183 2605 301 2671 studiis
328 2603 544 2690 Philosophiae
571 2603 729 2668 eliminat:
761 2617 795 2668 ct
820 2605 967 2688 quamvis
990 2606 1087 2670 solam

138 2707 286 2772 rideatur
300 2702 514 2790 eloquentiam
533 2703 691 2788 persequi,
705 2701 812 2765 omnia
826 2700 969 2765 liberalia
983 2702 1090 2766 studio

138 2800 1090 2888 convellit‚omnemtotiusPhilosopbiaeimpugnatoperam,

140 2909 301 2973 societatis
316 2906 466 2970 bumanae
477 2903 583 2968 foedus
598 2902 758 2979 distrahit,
771 2916 803 2968 et
817 2902 941 2967 nullum
954 2903 1090 2979 caritati,

141 3023 197 3077 aut
213 3006 426 3075 vicissitudini
445 3006 618 3072 officiorum
641 3006 793 3092 relinquit
813 3005 929 3069 locum.
975 3005 1091 3070 Brute·

144 3126 232 3178 scent
257 3112 412 3187 homines,
438 3110 464 3174 si
489 3112 628 3174 concessi
655 3107 730 3171 dote
758 3107 925 3191 priventur
950 3105 1089 3191 eloquii3

144 3215 288 3301 ipsaeque
320 3212 414 3278 urbes
447 3211 645 3276 videbuntur
676 3211 786 3294 potius
817 3229 968 3292 pecorum
1002 3207 1092 3291 quasi

146 3329 251 3400 septa,
267 3336 359 3399 qnam
375 3327 478 3377 coetus
494 3312 670 3385 bominum,
682 3331 767 3373 nexu
783 3308 922 3393 quodam
938 3309 1093 3374 societatis

144 3415 330 3493 scederetur,
360 3429 398 3480 ut
432 3413 676 3501 participatione
710 3409 897 3491 officiorum,
926 3427 957 3477 et
992 3413 1094 3477 amica

142 3519 275 3586 invicem
299 3516 518 3583 vicissitudine
539 3515 649 3579 eodem
669 3515 745 3601 jure
767 3513 864 3579 vivat.
908 3515 989 3593 Quis
1010 3515 1094 3580 enim

145 3632 327 3688 contractus
349 3620 410 3684 rite
431 3617 666 3683 celebrabitur?
695 3639 770 3702 quae
793 3614 868 3680 fidei
890 3630 946 3681 ant
969 3640 1093 3683 morum

143 3724 313 3812 disciplina
339 3721 483 3808 vigebit?
519 3741 667 3806 quaenom
697 3719 758 3782 erit
785 3717 1012 3783 obsecundatio
1037 3733 1094 3785 aut

142 3825 391 3894 communicatio
430 3822 642 3897 voluntatum,
679 3821 844 3885 subtracto
884 3820 972 3885 verbi
1010 3845 1094 3885 com-

142 3934 283 3998 mercio?
319 3929 394 3992 Non
421 3948 497 4011 ergo
524 3947 631 4003 unam,
657 3945 719 3987 non
746 3946 876 4009 pancos,
903 3922 957 3985 sed
987 3946 1096 3988 omnes

143 4033 235 4098 simul
262 4029 377 4105 urbes,
402 4038 434 4090 et
460 4023 622 4112 politicam
654 4025 752 4088 vitam
779 4037 879 4088 totam
910 4024 1097 4109 aggreditur

145 4132 338 4202 Cornificius
364 4139 484 4203 noster,
503 4125 681 4190 studiorum
706 4124 899 4210 eloquentiae
918 4125 1097 4209 imperitus,

142 4252 170 4302 et
185 4233 361 4326 improbus
375 4229 591 4314 impugnator.
