2992 5592
271 834 411 911 nense]
624 848 864 896 nnnanoorcus.
1160 837 1220 897 137

270 1003 385 1069 annuus
407 1001 532 1067 altero:
571 1000 717 1087 quamvis
739 997 901 1086 singulum
925 1000 1050 1066 dicatur
1075 1015 1218 1067 acutum.

268 1104 312 1169 ld
325 1105 387 1170 boc
400 1126 536 1190 quoque
558 1102 689 1187 prodest
711 1102 781 1165 baec
802 1101 976 1188 speculatio
997 1102 1218 1190 multipliciter

267 1205 434 1283 dictorum,
446 1218 486 1270 nt
501 1228 541 1270 ox
557 1203 723 1269 contrariis
737 1203 786 1267 vis
800 1206 1028 1271 contrariorum
1043 1206 1216 1291 saepissime

265 1307 495 1393 perpendaturs
520 1308 547 1371 si
562 1305 645 1371 enim
661 1326 760 1370 unum
776 1329 884 1371 eorum
899 1320 956 1372 aut
971 1308 1144 1395 aequiroce,
1158 1323 1216 1375 ant

266 1409 393 1474 univoce
414 1407 538 1473 dicitur
558 1407 599 1472 ad
623 1407 735 1483 multu,
756 1407 852 1472 simili
873 1408 969 1472 modo
991 1424 1023 1474 et
1046 1409 1218 1497 reliquum,

270 1523 301 1574 nt
314 1509 447 1596 quidem
472 1510 505 1574 in
527 1509 686 1586 omnibus,
702 1524 759 1575 aut
781 1507 813 1573 in
836 1507 994 1595 pluribus.
1039 1510 1123 1573 Nam
1138 1533 1217 1595 quo·

266 1609 346 1675 niam
367 1625 466 1676 acuto
488 1611 520 1676 in
537 1634 614 1676 voce
627 1633 725 1697 grave
740 1611 934 1675 contrarium
958 1623 1019 1688 est,
1041 1609 1074 1674 in
1096 1611 1218 1696 magni·

267 1713 375 1778 tudine
400 1728 509 1779 autem
537 1712 611 1792 levi,
634 1712 739 1801 palam
766 1713 919 1798 quonium
944 1715 1014 1776 leve
1039 1725 1096 1778 aut
1120 1735 1218 1797 grave

266 1814 427 1901 equisone
448 1815 610 1881 diceretur
637 1814 676 1879 ad
701 1816 808 1903 plura.
852 1814 981 1878 Volenti
1007 1828 1114 1878 autem
1139 1813 1219 1880 scire

268 1916 342 2001 quid
358 1930 490 2003 agatur,
504 1939 630 1982 necesse
644 1929 694 1981 est
709 1917 773 1980 vim
790 1916 943 1981 sermonis
962 1928 1129 1981 excutere:
1154 1940 1219 2005 qua

266 2017 382 2102 ignota,
393 2019 482 2085 fidus
493 2019 662 2084 verborum
674 2018 856 2083 intellectus
866 2032 1011 2083 constare
1023 2041 1085 2083 non
1101 2033 1217 2105 potest.

267 2120 313 2184 Eo
326 2132 452 2208 spectat
467 2121 549 2187 illud
565 2119 755 2205 Augustini,
771 2134 910 2185 tractum
927 2120 1058 2207 quidem
1074 2122 1116 2187 ab
1131 2126 1218 2189 Aris-

267 2221 372 2300 totele,
388 2225 539 2310 quonism
555 2225 596 2289 de
613 2224 702 2289 fonte
720 2226 784 2288 isto
807 2223 982 2289 hauserunt
1006 2247 1125 2301 omnes,
1140 2226 1219 2313 quia

267 2322 398 2390 inomni
417 2325 641 2391 enuntiatione
663 2323 836 2410 spectanda
857 2339 932 2390 sunt
955 2326 1028 2402 tria,
1044 2327 1153 2404 dictio,
1169 2331 1218 2392 di-

267 2426 362 2505 sibile,
377 2432 410 2490 et
422 2447 484 2491 res.
522 2426 583 2489 Est
597 2437 704 2488 autem
721 2447 782 2502 res,
798 2424 838 2489 de
853 2448 918 2512 quo
933 2425 1067 2513 aliquid,
1079 2427 1218 2509 dicibile,

268 2527 350 2612 quod
366 2526 409 2591 de
419 2527 538 2613 aliquo,
551 2526 660 2604 dictio,
672 2550 739 2613 qno
753 2526 872 2592 dicitur
886 2529 946 2593 boc
960 2529 1001 2592 de
1012 2529 1077 2593 illo.
1115 2534 1218 2594 Inter-

268 2628 341 2694 dum
358 2642 466 2694 tamen
481 2627 661 2708 dictionem,
677 2650 743 2693 rem
758 2652 825 2693 esse
839 2629 1007 2714 contingit,
1016 2652 1119 2715 quum
1134 2631 1218 2695 idem

268 2752 366 2796 sermo
388 2729 430 2796 ad
452 2729 609 2816 agendum
637 2730 678 2795 de
700 2753 732 2795 se
758 2732 941 2811 assumitur,
964 2743 1001 2796 ut
1024 2731 1056 2793 in
1079 2730 1118 2793 iis
1144 2754 1218 2817 quoe

268 2846 476 2920 preceptores
496 2832 594 2897 nostri
617 2831 821 2897 materialiter
843 2832 992 2898 dicebant
1015 2832 1165 2919 imposita
1186 2846 1218 2899 et

268 2934 424 3000 dicibilia:
456 2934 551 3018 quale
568 2945 626 3012 est,
640 2937 730 3000 homo
751 2944 799 3000 est
820 2957 945 3010 nornen,
963 2939 1068 3000 currit
1089 2946 1136 3000 est
1151 2958 1219 3000 ner·

269 3039 347 3104 bum.
391 3040 494 3104 Porro
510 3059 571 3114 res,
587 3050 624 3102 ut
639 3037 671 3101 in
687 3037 848 3123 pluribus,
860 3037 1042 3101 etdicibilia
1057 3040 1217 3122 pertinent

269 3138 306 3202 sd
320 3153 481 3220 naturam,
494 3138 594 3203 dictio
610 3161 685 3203 vero
700 3163 740 3203 ex
757 3137 922 3201 hominum
938 3138 1057 3223 pendet
1073 3138 1217 3204 arbitrio.

271 3239 382 3330 ltaque
403 3241 445 3307 ad
470 3241 535 3305 veri
561 3240 823 3305 examinationem
851 3260 975 3302 necesse
997 3252 1045 3304 est
1067 3263 1132 3305 rem
1155 3263 1218 3305 non

270 3345 393 3408 omnino
402 3343 526 3408 notitiae
537 3366 603 3408 esse
615 3345 821 3420 subtractam,
832 3338 878 3404 rei
889 3341 1052 3428 subjectae,
1061 3343 1094 3406 id
1106 3356 1167 3422 est,
1178 3343 1219 3409 de

270 3463 329 3527 qua
339 3445 461 3530 agitur,
470 3445 598 3510 dicibile
613 3444 791 3521 convenire,
807 3457 839 3508 et
861 3443 1044 3523 dictionem,
1061 3459 1096 3511 ut
1117 3445 1219 3513 omnis

271 3545 450 3634 increpandi
462 3547 594 3612 tollatur
607 3548 740 3622 occasio,
759 3547 888 3632 utrique
904 3567 970 3611 csse
985 3561 1163 3634 cognatam.

271 3705 344 3794 Cap.
359 3713 389 3774 6.
412 3708 467 3773 De
481 3707 623 3773 utilitate
637 3716 670 3773 et
683 3710 883 3792 coieceptione
897 3711 996 3774 trium
1013 3708 1165 3776 librorum
1180 3715 1217 3776 in

677 3812 814 3895 Topicis.

308 3944 413 4010 Srcur
435 3956 542 4010 autem
565 3945 787 4010 elementarius
812 3958 861 4011 est
886 3947 1218 4032 praedicamentorum,

272 4044 547 4128 periermeniarum
576 4070 652 4111 vero
682 4047 865 4134 syllabicus,
890 4048 935 4113 ita
964 4065 996 4114 et
1026 4051 1219 4135 Topicorum

271 4143 356 4225 liber,
382 4147 622 4234 quodammodo
647 4151 832 4216 dictionalis
856 4159 910 4217 est.
955 4151 1048 4214 Licet
1073 4148 1157 4212 enim
1186 4149 1220 4211 in

272 4250 483 4331 periermeniis
512 4263 628 4334 agatur
656 4252 697 4317 de
727 4250 860 4339 simplici
890 4251 1120 4326 enuntiatione,
1146 4272 1221 4334 quoe

273 4352 380 4439 utique
394 4353 464 4417 veri
479 4351 592 4416 salsive
611 4353 711 4418 dictio
723 4369 784 4433 est,
806 4354 947 4418 nondum
969 4366 1073 4416 tamen
1094 4351 1134 4414 ad
1157 4351 1221 4416 vim

271 4453 437 4541 colligendi
453 4453 624 4540 pertingit:
648 4478 704 4520 nec
719 4455 799 4518 illud
816 4453 1003 4537 assequitur,
1017 4451 1047 4514 in
1063 4474 1129 4537 quo
1146 4451 1222 4521 Dia-
