2992 5592
141 803 206 849 car.
224 789 362 863 xxxin]
493 806 732 856 naranoorcus.
1028 797 1090 857 189

137 954 266 1039 gradus,
290 967 469 1019 nostrorum
492 971 551 1034 est,
572 957 627 1042 qui
650 959 836 1023 sententiam
860 981 922 1023 non
945 959 1090 1048 praecipi-

137 1068 214 1132 tant,
231 1057 263 1119 in
280 1057 418 1140 hisquae
434 1069 508 1121 sunt
523 1058 712 1123 dubitabilia
728 1060 873 1146 sapienti.

168 1227 245 1312 Cap.
263 1228 316 1290 33.
342 1230 430 1301 Quid
443 1232 527 1291 ratio
540 1231 705 1311 primitivo
716 1256 726 1293 .·
749 1241 783 1295 et
797 1233 835 1294 de
851 1234 951 1295 variis
964 1237 1056 1296 sectis

452 1332 760 1412 philosophantium.

177 1464 288 1526 Pntms
303 1465 425 1548 itaque,
441 1477 473 1526 et
495 1464 575 1527 ratio
590 1487 676 1540 vera,
697 1477 745 1527 est
766 1463 887 1543 divina,
903 1487 998 1550 quam
1014 1467 1087 1530 dix·

136 1562 229 1626 imus:
252 1578 283 1627 et
299 1587 374 1649 qua>
389 1564 509 1629 nullum
526 1566 655 1627 omnino
670 1564 811 1629 admittit
827 1589 975 1630 errorem.
999 1567 1087 1631 Nihil

136 1677 241 1727 autem
272 1679 319 1729 est
346 1667 433 1751 quod
460 1666 560 1751 magis
590 1666 705 1728 rationi
733 1663 880 1730 videatur
906 1667 1086 1744 adversum,

134 1787 230 1849 quam
247 1789 352 1832 error:
376 1767 431 1830 illa
445 1767 527 1831 enim
551 1765 664 1830 statuit
680 1781 712 1829 et
728 1766 904 1841 confirmat,
922 1767 974 1832 hic
988 1767 1088 1832 lubri-

135 1865 227 1929 citate
251 1891 309 1930 sua
330 1869 502 1951 prosternit
522 1882 554 1931 et
575 1867 770 1953 supplantat.
817 1869 861 1933 Et
878 1868 957 1933 sicut
977 1891 1088 1933 sensus

135 1968 259 2031 nomine
275 1983 420 2034 censetur
437 1993 520 2033 nunc
541 1970 695 2055 potentia,
711 1992 797 2032 nunc
812 1982 903 2033 actus
918 1970 1086 2047 sentiendi,

135 2070 256 2132 etitem
275 2084 338 2133 tam
361 2072 513 2156 potentia,
530 2093 626 2156 quam
648 2083 738 2133 actus
760 2070 953 2154 imaginandi
968 2070 1087 2135 dicitur

134 2169 333 2255 imaginatio:
359 2173 403 2235 ita
424 2174 517 2245 ratio,
534 2194 618 2235 nunc
635 2172 691 2249 ris,
707 2195 793 2235 nunc
813 2172 946 2257 agitatio
966 2186 1087 2237 motus-

134 2293 197 2356 que
214 2273 351 2348 virtutis‚
364 2274 555 2338 nuncetiam
571 2274 636 2351 illa,
646 2278 678 2338 io
696 2274 813 2360 quibus
829 2275 910 2338 ratio
924 2274 1084 2359 quendam

136 2394 200 2434 suas
236 2374 365 2438 virtutis
407 2388 526 2438 motum
571 2389 708 2450 exercet,
744 2374 897 2438 dicuntur
939 2375 1085 2440 rationes.

137 2473 252 2549 Quales
277 2475 404 2560 quidem
438 2490 513 2540 sunt
543 2476 739 2539 inbaerentiae
769 2478 801 2539 in
831 2477 1083 2562 consequentiis:

135 2581 350 2661 proportiones
380 2580 412 2641 in
440 2579 596 2641 numeris:
629 2591 659 2640 et
686 2600 808 2653 eorum,
834 2600 909 2662 qnae
938 2577 1084 2641 absolute

134 2678 305 2740 necessaria
335 2692 422 2755 sunt,
452 2677 757 2741 demonstrationum
788 2675 954 2760 principia.
1014 2678 1084 2738 Has

133 2787 250 2853 autem,
266 2791 329 2839 tam
346 2778 377 2839 in
401 2776 489 2839 libris
503 2776 543 2837 de
564 2775 687 2850 ordine,
701 2788 734 2838 et
756 2775 797 2836 de
818 2772 920 2837 libero
940 2772 1083 2847 arbitrio,

133 2887 162 2938 et
179 2878 434 2962 Hyponosticon‚
446 2900 542 2962 quam
559 2878 590 2938 in
608 2874 717 2938 multis
732 2876 814 2953 aliis,
826 2874 938 2937 asserit
951 2875 1084 2957 Augus·

133 2975 219 3041 tinus
235 2978 426 3041 immortales
441 3001 507 3040 esse
524 2990 555 3041 et
572 2977 787 3061 sempiternas.
832 2975 950 3048 Unius,
966 2973 1083 3060 inquit,

131 3078 171 3141 ad
194 3080 271 3152 duo,
292 3090 323 3139 et
345 3078 481 3140 duorum
503 3078 542 3140 ad
564 3089 716 3162 quatuor,
732 3075 894 3139 verissima
914 3075 996 3138 ratio
1016 3088 1082 3141 est:

131 3200 189 3241 nec
206 3176 306 3262 magis
321 3178 383 3241 fuit
407 3178 473 3240 beri
496 3178 577 3240 ratio
598 3177 654 3239 illa
668 3199 755 3253 vera,
771 3198 869 3261 quam
890 3174 1002 3239 hodie:
1027 3199 1084 3241 nec

131 3279 233 3363 magis
248 3302 328 3356 cras,
343 3291 399 3343 aut
414 3292 486 3364 post
507 3299 636 3351 annum,
653 3278 713 3340 erit
729 3300 811 3341 vera.
858 3280 926 3341 Nec
941 3277 967 3340 si
982 3280 1084 3343 omnis

133 3381 272 3444 mundus
298 3360 359 3444 iste
386 3380 544 3456 concidat,
569 3379 686 3463 poterit
716 3379 778 3442 ista
803 3378 885 3443 ratio
916 3402 977 3442 non
1004 3401 1084 3461 esse,

133 3482 225 3546 simili
256 3483 351 3547 modo
378 3482 587 3546 substantiam
617 3503 693 3544 esse.
745 3482 778 3544 Si
805 3480 845 3545 sit
867 3502 995 3568 eorpus,
1019 3504 1082 3545 non

133 3605 197 3646 esse
212 3606 274 3646 non
291 3598 405 3670 potest.
436 3586 561 3650 Caetera
576 3582 718 3668 quidem,
731 3607 805 3668 quoe
821 3584 938 3647 dirinae
952 3583 1083 3648 rationis

133 3685 244 3748 oculus
258 3686 503 3772 contemplatur,
516 3708 590 3748 vera
601 3684 729 3769 quidem
746 3698 832 3763 sunt,
842 3684 895 3748 sed
911 3697 1083 3770 praemuta-

131 3783 255 3849 bilitate
281 3810 338 3850 sua
361 3809 563 3871 nequaquam
585 3786 738 3851 dicuntur
760 3787 906 3850 rationes.
953 3788 1005 3850 Ex
1022 3787 1083 3851 hoc

133 3901 240 3950 autem
280 3888 421 3952 veritatis
457 3888 653 3975 rationisque
689 3887 857 3964 consortio,
888 3887 1083 3972 quibusdam

132 3986 430 4073 philosophantibus
446 3989 546 4052 visum
568 4003 626 4063 est,
645 4011 769 4074 semper
783 4011 852 4051 esse
868 4010 976 4050 verum
994 3987 1082 4072 quod

133 4088 226 4151 semel
253 4103 299 4152 est
326 4112 459 4153 verum:
493 4090 612 4173 quibus
639 4089 766 4152 videtur
792 4087 957 4169 suffragari
988 4088 1082 4160 ratio,

133 4211 228 4274 quam
247 4192 446 4274 Augustinus
461 4190 594 4267 inducit,
612 4208 648 4254 ut
662 4189 785 4265 doceat,
800 4200 938 4249 nostram
954 4197 986 4247 et
1001 4207 1084 4268 prse-

132 4291 312 4354 cedentium
334 4306 474 4376 patrum,
495 4291 625 4355 eandem
650 4313 717 4353 esse
737 4288 851 4351 fidem:
875 4287 934 4346 etsi
950 4305 1009 4345 nos
1023 4307 1084 4368 pro

131 4405 221 4475 parte
236 4393 433 4477 gaudeamus
454 4393 633 4477 impletum,
648 4390 735 4476 quod
753 4386 798 4450 illi
816 4383 1084 4469 praestolabantur
