2992 5592
627 828 851 875 unnflnrrcos.

264 983 428 1067 Grataque
443 983 622 1064 temperies,
636 983 787 1046 animalia
801 1003 935 1065 corpora
949 985 1058 1057 nutrit,
1079 974 1082 984 ¹

357 1086 401 1148 Ut
415 1097 528 1148 natura
536 1083 642 1167 jubet,
657 1086 726 1147 brec
743 1086 855 1167 magis,
868 1086 925 1149 illa
941 1086 1056 1149 minus.

267 1187 378 1250 Pervia
392 1188 556 1270 spiritibus
572 1200 647 1251 sunt
662 1208 797 1271 corpora
811 1188 920 1267 densa,
937 1188 1082 1253 sedilios
1158 1194 1220 1252 755

354 1291 384 1352 N
388 1310 449 1352 unc
466 1290 596 1353 cohibet
610 1289 711 1374 major
724 1290 926 1354 arbitriumve
943 1291 1016 1354 Dei.

266 1391 395 1473 Corpus
409 1393 575 1474 spiriteum
590 1414 657 1455 non
671 1393 795 1456 laedunt
809 1394 899 1473 algor
914 1406 946 1456 et
962 1405 1070 1470 aestus,

354 1495 410 1556 Vis
426 1496 656 1558 elementorum
670 1496 760 1559 nulla
774 1517 889 1559 nocere
905 1506 1021 1578 polest.

266 1593 332 1657 Sed
348 1607 513 1680 torquetur
528 1596 569 1659 ab
584 1597 635 1660 his
650 1598 796 1660 animalis
811 1599 885 1674 vita,
901 1598 1051 1681 capitque

356 1696 509 1778 congrua
523 1719 581 1781 pro
597 1698 717 1761 meritis
732 1699 864 1781 praemia
879 1699 1017 1782 quisque
1032 1699 1108 1761 suis.
1159 1701 1223 1760 760

267 1797 424 1881 Faeceque
441 1796 576 1862 decocta
591 1800 716 1863 cunctis
731 1810 892 1862 recreatur
907 1800 996 1881 origo

356 1900 469 1963 Purior
483 1913 516 1963 et
529 1900 664 1964 redeunt
677 1921 772 1964 aurea
786 1902 874 1965 secla
888 1913 1023 1984 patrum.

270 2001 375 2065 Multa
390 2004 490 2085 probe
506 2001 617 2066 docuit
632 2004 750 2086 illoque
766 1989 911 2085 perutilis
926 2025 1005 2078 aevo,

359 2104 446 2165 lnter
460 2102 641 2185 praecipuos
656 2123 800 2165 summus
814 2103 848 2164 in
860 2105 936 2165 orbe
951 2104 1019 2166 fuir.

273 2202 360 2264 Hinc
371 2214 478 2265 tamen
487 2202 766 2283 arguitur,animas
776 2202 861 2286 quod
871 2204 912 2266 ab
919 2203 1035 2266 aethere
1045 2205 1151 2285 lapsas
1161 2204 1223 2263 765

359 2305 488 2381 Asserit,
503 2315 536 2367 et
551 2325 668 2388 corpus
686 2307 823 2368 carceris
838 2327 907 2369 esse
922 2308 1005 2383 loco,

272 2405 316 2467 Et
331 2405 420 2488 quod
435 2427 490 2468 ess
505 2406 641 2490 propriis
656 2407 806 2469 exclusas
821 2408 854 2469 in
869 2429 953 2470 nova
969 2408 1050 2471 mitti

359 2504 502 2588 Corpora
516 2527 573 2589 pro
589 2526 712 2568 morum
728 2506 911 2570 conditione
927 2517 1028 2589 putat,

273 2607 318 2668 Et
332 2606 419 2691 quod
434 2629 489 2670 eas
503 2609 648 2690 proprios
662 2607 790 2670 tandem
807 2607 939 2672 deducit
953 2608 993 2671 ad
1010 2619 1097 2670 ortus

360 2707 522 2792 Corporis,
537 2721 573 2771 ut
588 2707 707 2790 cupide
721 2729 828 2772 rursus
843 2708 884 2772 ad
900 2710 963 2771 ima
978 2708 1105 2771 cadant.
1165 2711 1228 2767 770

274 2809 382 2879 Quum
398 2809 496 2871 semel
511 2808 582 2871 haec
599 2808 714 2870 fuerint
728 2807 784 2869 illo
803 2807 945 2871 tradente
961 2819 1098 2890 recepta,

361 2910 533 2974 Convincit
546 2912 626 2973 ratio
642 2911 780 2992 plurima
795 2911 873 2974 salsa
888 2911 990 2993 sequi.

371 3012 423 3075 De
439 3012 571 3074 Socrate
585 3019 617 3074 et
630 3011 824 3074 auctoritate
838 3016 908 3092 ejru
923 3021 953 3075 et
970 3011 1126 3090 doqmare.

273 3115 357 3176 Ante
373 3113 470 3197 pedes
485 3115 627 3177 Socratis
642 3113 777 3176 humiles
792 3124 976 3176 sternuntur
990 3113 1121 3188 alumni,

361 3217 601 3300 Indigitemque
617 3217 723 3279 Deum
740 3217 870 3279 Graecia
884 3226 951 3279 tota
966 3214 1054 3279 colit.

274 3318 434 3394 Quaerere,
449 3316 476 3380 si
492 3327 628 3381 cunctos
644 3319 804 3402 praecessit
818 3338 893 3380 vera
907 3314 1066 3392 docendo,
1165 3320 1228 3377 ⁷⁷5

361 3420 488 3484 Vixerit
500 3441 543 3483 an
557 3432 677 3497 sancte,
692 3419 832 3483 creditur
846 3440 916 3484 esse
932 3419 1047 3482 scelus.

276 3519 440 3583 Exercent
454 3521 510 3583 alii
524 3541 673 3583 numeros
688 3529 720 3582 et
734 3520 877 3603 pondera
891 3540 1006 3597 rerum,

361 3621 441 3692 Quae
457 3619 661 3684 mensurandi
676 3620 796 3700 regula,
812 3621 906 3703 quire
921 3619 1027 3692 modi;
1139 3688 1141 3692 μ

279 3721 447 3784 Paroamm
463 3734 603 3785 mentem
619 3733 693 3785 sunt
708 3722 762 3803 qui
778 3721 986 3803 speculentur
999 3722 1032 3784 in
1049 3721 1141 3784 astris

361 3824 407 3886 Et
421 3845 522 3887 rerum
537 3837 653 3901 motus,
668 3824 901 3908 consiliumque
918 3823 999 3900 Dei;
1167 3825 1230 3886 780

278 3924 361 3987 Sunt
375 3925 432 4007 qui
446 3926 601 3989 rimantur
615 3938 734 3988 naturae
751 3926 885 4004 viscera,
899 3938 975 3989 sunt
989 3946 1070 4010 quos

364 4027 394 4088 N
397 4027 472 4090 exio
488 4048 665 4104 comarum,
681 4028 839 4110 signaque
853 4027 923 4091 sola
937 4036 1064 4089 tenent:

280 4123 334 4190 Sic
352 4128 453 4191 aciem
470 4129 586 4191 montis
601 4138 719 4191 vexant
734 4141 766 4190 et
781 4130 814 4190 iu
829 4140 942 4191 extera
956 4137 1121 4209 spargunt,

365 4231 409 4292 Et
424 4230 546 4313 privata
561 4251 620 4293 suo
634 4230 757 4292 lumine
773 4229 871 4292 corda
886 4240 1027 4291 manent.

279 4333 321 4391 Ar
337 4331 486 4394 Socrates
501 4329 667 4393 hominum
683 4350 775 4392 curas
790 4327 965 4392 contemnit
980 4326 1090 4387 inanes
1171 4330 1234 4388 7θὸ

366 4433 409 4496 Et
424 4433 563 4495 latebras
573 4430 684 4519 cordis
698 4451 857 4513 quemque
875 4427 979 4489 ridere
995 4439 1113 4504 monet,
