2992 5592
277 820 339 878 eta
523 834 658 879 sossius
673 833 950 883 snassasarsnsrs
1059 823 1168 902 [sacr.
1184 839 1230 886 m.

282 1006 424 1070 scopum,
440 984 579 1072 persolis
593 998 626 1049 et
636 986 719 1052 luuae
734 986 853 1051 coitum
869 1001 901 1051 et
916 990 1102 1075 oppositum
1113 991 1232 1077 aliquid

280 1107 476 1170 praenoscere
488 1101 518 1151 et
534 1108 608 1151 eum
623 1088 680 1174 qui
695 1088 764 1154 haec
779 1088 1015 1157 secitnolumus
1025 1097 1233 1176 cognoscere?

282 1189 368 1265 Quid
384 1190 468 1256 valet
484 1212 600 1254 numen
617 1190 692 1255 solis
706 1190 854 1255 admirari
877 1205 910 1256 et
925 1206 1117 1278 potestatem
1138 1192 1234 1258 omni-

283 1293 490 1376 potentianon
499 1294 661 1357 venerari?
679 1292 739 1356 llle
748 1314 826 1377 ergo
833 1294 916 1358 viam
923 1296 1079 1361 sideream
1086 1297 1234 1382 arripere,

283 1394 427 1459 incedere
446 1409 478 1460 et
504 1417 666 1480 permeare
685 1395 810 1475 nititur,
830 1400 889 1482 qui
909 1399 1095 1483 postpositis
1115 1411 1233 1483 tempo·

284 1494 415 1572 ralibus‚
437 1497 478 1562 de
500 1498 619 1563 virtute
641 1500 672 1561 in
689 1498 839 1562 virtutem
862 1499 997 1585 rapitur,
1020 1512 1053 1565 et
1076 1503 1232 1565 virtutum

281 1598 436 1682 gradibus
456 1599 665 1677 ascendendo,
695 1601 802 1664 Deum
833 1600 864 1663 in
888 1601 965 1666 Sion
988 1601 1230 1685 contemplatur.

285 1702 339 1766 Sic
354 1701 455 1785 igitur
469 1703 594 1767 animus
614 1700 789 1767 erudientis
807 1725 863 1788 per
878 1700 935 1766 hus
956 1718 1078 1789 septem
1102 1704 1188 1769 trivii
1202 1716 1231 1766 et

284 1801 445 1885 quadrivii
460 1801 527 1867 vias
546 1802 760 1888 eloquentiam
775 1817 807 1867 et
823 1803 1010 1888 sapientiam
1034 1804 1229 1890 adipiscitur,

283 1918 315 1967 et
337 1903 442 1968 anima
462 1904 635 1990 cujuslibet
656 1905 689 1968 in
711 1904 822 1969 iisdem
848 1903 906 1968 riis
927 1919 960 1968 et
982 1905 1092 1969 iisdem
1116 1905 1229 1978 modis,

282 2005 401 2089 quibus
415 2004 536 2070 dictum
553 2019 612 2085 est,
627 2008 675 2070 sui
691 2009 945 2071 reformationem
967 2017 998 2071 et
1012 2029 1171 2071 accessum
1187 2005 1227 2069 ad

281 2108 385 2170 Deum
402 2107 619 2193 consequitur.
665 2111 725 2172 Per
740 2108 797 2172 has
811 2108 912 2193 igitur
925 2108 1037 2172 ammo
1051 2107 1116 2170 vias
1130 2107 1228 2170 artifi-

278 2207 379 2272 ciosas
409 2209 630 2295 percipiuntur
659 2211 817 2274 universis
847 2210 905 2275 vire
933 2209 1073 2286 Domini,
1109 2209 1226 2274 scilicet

280 2309 491 2372 misericordia
505 2323 538 2374 et
551 2310 677 2375 veritas.
725 2314 777 2376 Ex
794 2312 1006 2378 misericordia
1021 2311 1070 2376 lex
1088 2312 1228 2390 Domini,

277 2410 308 2472 in
324 2431 391 2495 qua
404 2410 570 2475 ambulant
590 2411 674 2475 beuti
698 2412 903 2478 immaculati.
948 2417 986 2478 ln
1001 2413 1072 2497 lege
1088 2435 1164 2476 sero
1179 2416 1228 2476 via

278 2511 511 2592 mandatorum,
533 2513 585 2576 ria
607 2514 871 2593 testimoniorum,
895 2512 945 2576 via
961 2514 1226 2600 justificationum

277 2629 308 2678 et
326 2615 376 2677 via
395 2615 537 2679 veritatis
555 2614 699 2691 electiva,
715 2612 755 2678 de
776 2638 841 2700 quo
866 2615 1044 2680 Dominus:
1070 2619 1143 2701 Ego
1158 2639 1225 2680 sum

278 2719 340 2792 via,
354 2718 470 2783 veritas
480 2733 512 2782 et
525 2719 600 2780 vita:
618 2717 667 2780 via
678 2717 709 2780 in
722 2717 879 2802 exemplo,
890 2718 1006 2783 veritas
1016 2718 1047 2781 iu
1061 2719 1225 2803 promisso,

277 2821 388 2884 vitain
405 2821 550 2907 proemio,
568 2824 616 2884 vel
632 2820 682 2882 via
697 2817 738 2881 ad
755 2841 798 2892 se,
816 2818 932 2882 veritas
943 2841 983 2882 ex
1001 2843 1045 2898 se,
1061 2821 1173 2885 vitain
1184 2844 1225 2884 se.

292 3012 374 3076 secr.
390 3013 420 3074 3.
451 3012 480 3074 Τ
475 3015 561 3076 ertia
576 3020 708 3093 septena
724 3011 763 3072 de
777 3018 894 3089 septem
900 3011 1060 3092 finertris
1072 3013 1203 3074 anime.

319 3134 451 3195 Tauria
481 3142 610 3214 septena
643 3137 761 3213 septem
798 3126 1006 3190 fenestrarum
1042 3129 1157 3193 animai
1194 3130 1224 3193 in

276 3232 414 3295 humano
425 3234 531 3316 capite
542 3230 670 3305 dicitur,
683 3250 741 3314 per
755 3249 836 3314 quas
847 3226 878 3289 in
889 3227 1067 3312 praemissas
1079 3244 1225 3315 septenas

274 3355 363 3396 mens
378 3332 473 3396 animi
496 3331 677 3417 digreditur
693 3344 725 3393 et
742 3326 942 3414 regreditur3
967 3327 1157 3414 digreditur,
1172 3354 1225 3396 ex·

274 3435 389 3497 teriora
404 3457 543 3521 quaeque
560 3458 615 3521 per
632 3433 786 3497 rationem
805 3430 1008 3505 discernens3
1032 3431 1224 3514 regreditur,

273 3536 406 3600 interius
419 3536 474 3600 illa
488 3537 601 3601 animae
613 3533 813 3599 denuntians.
858 3532 940 3608 Qum
952 3533 977 3595 si
995 3532 1079 3597 mala
1093 3533 1222 3609 luerint,

272 3637 412 3700 animum
429 3636 563 3716 tristem,
578 3638 602 3700 si
616 3639 708 3715 bone,
724 3634 855 3700 hilarem
869 3633 1021 3698 reddunt.
1068 3637 1120 3699 Ex
1134 3634 1224 3700 malis

272 3740 408 3825 propriis
418 3740 484 3803 sive
495 3740 605 3803 alienis·
613 3740 717 3802 oritur
728 3739 844 3822 passio,
860 3760 899 3801 ex
911 3736 1022 3801 alienis
1032 3738 1222 3823 compassio:

272 3865 311 3906 ex
325 3842 415 3905 lionis
424 3841 739 3926 propriisperpassio,
749 3864 788 3904 ex
799 3839 910 3904 alienis
918 3838 1049 3903 invidiae
1057 3838 1222 3903 detractio.

273 3947 304 4009 si
322 3945 403 4009 enim
419 3944 544 4006 animus
565 3943 706 4007 adversis
725 3943 895 4007 inclinatur
912 3940 953 4005 ed
976 3941 1171 4015 moestitiam,
1186 3941 1222 4005 lit

270 4049 375 4135 passio
398 4069 471 4133 qum
494 4044 582 4109 loedit
604 4046 744 4108 animum
777 4044 919 4123 interius,
941 4041 1084 4126 affligens
1105 4063 1223 4127 corpus

269 4155 429 4217 exterius:
455 4153 480 4213 si
500 4161 607 4212 autem
629 4162 775 4211 movetur
795 4146 919 4209 animus
941 4167 980 4208 ex
1006 4144 1166 4228 prosperis
1180 4144 1220 4207 ad

269 4257 424 4329 laetitiam,
439 4253 473 4317 fir
490 4251 661 4338 perpassio,
676 4248 708 4311 id
729 4260 775 4310 cst
792 4246 939 4333 quiedam
963 4244 1074 4330 procul
1090 4268 1109 4308 a
1125 4246 1223 4329 prassi-

268 4381 327 4420 nne
342 4352 520 4419 commotio.
566 4353 616 4414 De
631 4361 751 4434 septem
775 4369 850 4409 vero
865 4345 1013 4409 fenestris
1035 4344 1149 4408 animer
1164 4368 1220 4408 seu

267 4458 421 4531 sensibus,
438 4457 493 4541 qui
511 4455 615 4537 vigent
640 4450 671 4513 in
693 4447 810 4534 capite,
835 4445 1000 4510 sciendum
1018 4458 1079 4521 ost,
1095 4459 1219 4531 quanto
