2992 5592
134 815 200 861 cnr.
218 794 290 878 nn]
509 813 723 858 ussnsoutcr.
1058 801 1097 857 15

136 967 256 1032 entium
272 963 462 1051 acquiescit.
495 963 628 1029 Illorum
643 977 745 1028 tamen
759 963 907 1040 maxime,
917 965 985 1049 qui,
995 985 1111 1048 quum·

136 1071 250 1132 inertes
277 1067 342 1131 sint
368 1079 401 1130 et
428 1065 545 1150 ignavi,
573 1065 685 1145 videri,
709 1086 807 1151 quant
833 1088 899 1130 esse
929 1063 1096 1152 sapientes,

134 1180 303 1254 appetunt.

136 1351 214 1437 Cap.
225 1357 256 1415 3.
275 1349 426 1426 Quando,
436 1351 587 1432 qualiter,
597 1357 627 1414 et
638 1351 788 1431 aquilus
788 1350 896 1434 suerit
905 1351 1097 1412 institutus?

178 1474 255 1536 Eoo
277 1468 409 1555 quidem
431 1469 560 1532 omnino
578 1492 639 1533 non
663 1467 771 1546 miror,
791 1470 816 1534 si
839 1467 985 1534 credulos
1006 1467 1097 1531 audi-

139 1585 223 1637 tores
257 1594 343 1648 suos,
380 1570 481 1635 multa
516 1571 661 1635 mercede
700 1571 891 1647 conductus,
925 1583 957 1634 et
995 1568 1098 1632 multo

139 1690 283 1761 tempore
303 1694 409 1737 aerem
434 1672 616 1749 verberans,
632 1671 742 1737 docuit
766 1671 844 1735 nihil
868 1672 965 1735 scire:
994 1693 1097 1757 quum

139 1787 171 1837 et
201 1772 270 1858 ipse
300 1772 345 1835 sic
367 1769 500 1834 edoctus
523 1770 564 1834 sit
587 1792 605 1833 s
627 1769 800 1856 magistris.
847 1770 1013 1857 Siquidem
1035 1792 1097 1833 non

138 1873 306 1950 facundus,
323 1872 379 1937 sed
400 1872 563 1949 verbosus,
579 1885 611 1937 et
630 1875 696 1936 sine
718 1872 828 1936 fructu
851 1895 1012 1948 sensuum,
1030 1895 1099 1937 ver-

142 1976 253 2040 borum
273 1975 353 2040 solia
367 1978 399 2040 in
424 1984 553 2039 ventum
574 1976 726 2040 continue
749 1977 881 2062 profert.
929 1974 977 2038 Ea
993 1988 1097 2040 tamen

140 2091 187 2143 est
201 2081 327 2142 cautela
344 2076 495 2153 hominis,
511 2100 612 2162 quum
632 2100 725 2162 aeque
745 2078 888 2141 omnium
911 2077 997 2142 dicta
1012 2078 1097 2142 vitu-

139 2193 238 2267 peret,
268 2193 306 2245 ut
342 2181 375 2243 iu
411 2179 582 2243 astruenda
617 2202 684 2254 sua,
721 2193 777 2244 aut
810 2178 912 2244 aliena
944 2181 1099 2244 sententis

138 2282 346 2359 destruenda,
365 2304 529 2368 uunquam
551 2303 679 2345 manum
702 2295 856 2358 conserat,
877 2284 999 2348 ratione
1018 2305 1099 2347 nun-

139 2407 235 2470 quam
251 2385 422 2462 inuitatur,
433 2404 597 2469 nunquam
610 2383 763 2447 sustineat
776 2384 926 2470 congredi
941 2385 974 2448 in
986 2407 1099 2471 campo

139 2487 389 2573 scripturarum:
418 2488 523 2549 nescio
538 2483 617 2570 quid
633 2484 771 2549 arduum
788 2499 821 2550 et
836 2487 981 2570 ignotum
997 2487 1098 2550 omui-

137 2589 199 2653 bus
238 2586 448 2673 sapientibus,
484 2586 620 2650 tumenti
662 2587 785 2651 ventosi
824 2587 985 2672 pulmonis
1022 2587 1099 2651 folle

137 2690 301 2778 concepit:
325 2689 414 2752 unde
428 2687 521 2751 alicui
535 2688 736 2772 respondere,
746 2701 803 2752 aut
820 2688 976 2773 patienter
988 2689 1099 2752 audire

139 2788 335 2873 quempiam,
357 2785 561 2871 dedignatur.
606 2785 641 2851 Si
663 2788 746 2850 enim
763 2786 922 2872 quidlibet
945 2811 1100 2874 proposu-

139 2889 210 2969 eris,
222 2886 275 2952 ille
290 2882 534 2962 conviciabitur,
546 2895 603 2948 aut
618 2885 743 2952 ridebit.
780 2885 827 2966 Si,
840 2901 877 2953 ut
889 2889 942 2955 ille
957 2894 1101 2976 proposi·

140 3005 207 3057 turn
219 2990 346 3076 probet,
357 3000 532 3075 exspectas,
542 2986 654 3052 dilatio
669 2989 844 3053 necessaria
856 3004 918 3055 est:
938 3004 985 3068 ut,
996 3014 1098 3076 quum

141 3092 211 3157 dies
231 3091 371 3168 cesserit,
393 3103 429 3155 tu
451 3090 681 3177 expectationis
701 3091 811 3155 fructu
833 3092 1043 3171 fraudaberis,
1063 3116 1101 3156 eo

142 3191 232 3279 quod
248 3193 441 3278 Margaritss
459 3215 543 3267 suus,
558 3191 664 3277 porcis
682 3190 804 3266 alienis,
821 3203 857 3254 ut
879 3190 936 3267 ait,
951 3213 1013 3254 uon
1030 3192 1100 3258 vult

142 3316 211 3358 esse
225 3313 417 3358 communes.
463 3291 604 3357 Fabellis
619 3304 724 3355 tamen
741 3303 772 3355 et
790 3290 896 3376 nugis,
911 3313 985 3355 suos
1000 3293 1100 3378 pascit

142 3394 271 3459 interim
291 3394 471 3459 auditores:
498 3417 590 3480 quos,
611 3393 678 3457 sine
701 3391 779 3457 artis
802 3391 963 3469 beneficio,
979 3394 1004 3458 si
1026 3418 1101 3460 vers
1125 3422 1141 3447 ·

142 3507 217 3560 suut
248 3517 324 3581 quoe
352 3495 523 3582 promittit,
552 3494 648 3559 faciet
682 3494 880 3581 eloquentes,
909 3508 942 3560 et
974 3497 1101 3562 tramite

141 3595 365 3684 compendioso
387 3598 453 3660 sine
473 3594 592 3674 lsbore,
608 3594 828 3681 Philosophus.
876 3595 959 3662 Nam
980 3611 1012 3663 et
1033 3599 1100 3685 ipse

140 3702 262 3786 accepit
291 3721 311 3762 a
339 3697 536 3778 doctoribus,
563 3696 652 3783 quod
683 3721 768 3762 nunc
797 3698 962 3787 discipulis
989 3701 1100 3781 trudit,

140 3824 258 3888 eosque
292 3801 338 3866 sio
373 3800 524 3878 instituit,
553 3798 636 3863 sicut
669 3815 701 3864 et
736 3803 804 3886 ipse
842 3802 1009 3868 institutus
1043 3821 1099 3872 cst.

141 3899 329 3989 Discipulos
349 3924 426 3987 ergo
444 3905 475 3967 in
495 3901 702 3988 Philosophia
722 3901 782 3967 sihi
800 3904 895 3970 faciet
913 3906 1100 3992 coaequales.

142 4004 226 4082 Quid
251 4007 382 4070 multa?
415 4027 517 4068 nonne
542 4004 587 4069 sic
613 4003 744 4088 perfecti
773 4019 878 4088 erunt,
897 4008 996 4093 juxte
1020 4007 1100 4073 illud

143 4107 324 4195 Evangelii,
339 4105 527 4193 Discipulus
547 4110 650 4172 omnis
665 4108 828 4193 perfectus
847 4125 904 4184 est,
921 4110 945 4174 si
961 4111 1002 4175 sit
1018 4111 1101 4174 sicut

142 4211 293 4296 magister
319 4209 412 4295 ejus?
442 4212 495 4274 Eo
519 4220 626 4272 autem
654 4223 795 4296 tempore
826 4210 886 4276 ista
912 4208 1101 4278 Cornificius

141 4311 264 4395 didicit,
279 4334 357 4399 quae
372 4332 459 4376 nunc
475 4310 617 4375 docenda
631 4326 781 4393 reservat,
796 4311 954 4377 audienda
969 4311 1100 4395 quidem

141 4413 299 4496 felicibus,
321 4425 366 4492 et,
391 4426 426 4477 ut
446 4412 508 4477 diei
529 4413 620 4491 solet,
640 4415 773 4478 auribus
792 4415 895 4488 «lovis,
919 4412 1049 4497 quando
1068 4416 1100 4481 iu
