2992 5592
277 823 361 868 sacr.
378 805 425 884 v.]
563 821 605 863 oe
621 819 752 862 saman
770 819 939 863 saerams.
1164 809 1225 867 9⁶21

275 1105 355 1168 Sect.
371 1111 400 1167 ὁ.
430 1104 554 1177 Quinto
574 1109 704 1184 septena
726 1101 765 1164 de
784 1109 899 1183 septem
921 1102 1095 1164 uirtutibus
1113 1103 1229 1182 quibas

605 1206 716 1266 animo
732 1206 900 1266 innititur.

313 1361 446 1438 Quium
459 1372 588 1444 septena
597 1358 757 1442 graduum
768 1373 887 1444 septem
900 1359 1055 1422 virtutum
1067 1359 1228 1444 praedictis

271 1463 473 1549 adjungitur,
503 1461 622 1546 quibus
657 1461 763 1524 anima
799 1461 918 1540 innixa,
952 1460 1087 1524 vicinius
1121 1461 1230 1526 divina

273 1567 466 1649 speculatur.
498 1563 625 1646 Septem
643 1575 717 1625 sunt
734 1562 868 1626 virtutes
879 1585 959 1648 quas
972 1561 1098 1646 pariunt
1108 1575 1227 1648 septem

272 1667 355 1731 dona
365 1666 498 1752 spiritus
508 1663 616 1728 sancti.
637 1662 717 1728 Haec
726 1679 830 1728 autem
842 1664 926 1727 dona
934 1676 1007 1727 sunt
1019 1663 1112 1748 primi
1123 1677 1228 1728 motus

272 1768 303 1832 in
319 1766 425 1848 corde,
436 1768 529 1853 quasi
543 1765 690 1851 quaedam
705 1766 861 1830 virtutum
875 1763 995 1828 semina
1005 1787 1100 1850 super
1112 1779 1227 1830 terram

272 1870 377 1935 cordis
397 1870 496 1933 nostri
516 1871 656 1956 jactata;
685 1867 820 1931 rirtutes
843 1888 917 1929 vero
934 1865 1026 1952 quasi
1046 1880 1167 1951 segetes
1188 1889 1229 1930 ex

271 1972 348 2057 ipsis
363 1983 579 2053 consurgunt:
604 1991 677 2055 quae
693 1967 824 2054 quidam
838 1967 912 2030 boni
927 1966 1059 2030 effectus
1069 1967 1226 2032 donorum

272 2087 362 2146 sunu
380 2071 638 2138 undeJohannes
649 2071 680 2134 in
692 2071 897 2156 Apocalypsi,
913 2070 1008 2150 [Rev.
1018 2093 1047 2134 v.
1058 2072 1105 2154 6.]
1124 2070 1227 2135 “Vidi

272 2189 392 2261 septem
416 2173 548 2260 spiritus
568 2173 785 2236 discurrentes
805 2185 878 2236 ante
900 2173 1050 2236 thronum
1067 2171 1227 2238 Domini.”

274 2279 411 2364 Spiritus
426 2276 591 2353 dicuntur,
605 2276 636 2338 id
653 2289 711 2351 est,
727 2275 936 2362 aspirationes
951 2299 1025 2362 quae
1041 2276 1225 2362 praecedunt

273 2380 424 2444 virtutes:
451 2391 483 2443 et
499 2390 574 2442 sunt
589 2378 673 2440 dona
688 2391 792 2441 tamen
809 2391 841 2442 et
857 2400 918 2440 non
935 2378 1063 2456 merita;
1091 2379 1227 2444 virtutes

273 2501 348 2542 vero
363 2494 438 2543 sunt
458 2493 489 2543 et
506 2479 589 2541 dona
609 2492 640 2542 et
664 2477 783 2542 merita.
834 2478 871 2541 ln
893 2477 954 2541 illis
977 2499 1053 2541 varo
1074 2493 1227 2566 operatur

273 2583 360 2645 Deus
380 2579 446 2643 sine
468 2579 577 2652 nobis;
610 2579 642 2641 in
662 2578 730 2643 istis
748 2590 903 2663 'operatur
924 2579 1098 2644 nobiscum.
1144 2584 1226 2647 Sunt

271 2683 370 2769 igitur
382 2696 502 2767 septem
516 2681 647 2745 virtutes
662 2678 755 2766 quasi
768 2679 957 2763 septiformis
968 2681 1080 2763 gratiae
1090 2681 1225 2765 gradus:

271 2784 392 2871 quibus
406 2783 510 2846 anima
526 2781 723 2845 ascendendo
734 2780 968 2866 contemplatur
982 2782 1131 2847 divinius.
1159 2784 1227 2848 Pri-

272 2909 343 2950 mus
358 2885 478 2969 gradus
500 2899 548 2950 est
571 2884 734 2947 humilitas
750 2903 789 2946 ex
811 2883 924 2947 timore
950 2883 1078 2949 Domini
1099 2886 1157 2971 qui
1178 2899 1226 2951 est

270 2988 396 3053 initium
437 2986 610 3072 sapientia,
643 2986 810 3071 oriensque
844 2985 1025 3071 superbiam
1065 2986 1225 3073 deprimit.

271 3092 439 3158 Secundus
469 3092 599 3176 gradus,
629 3089 852 3165 mansuetudo,
882 3113 924 3154 ex
955 3089 1068 3174 spiritu
1099 3090 1226 3178 pietatis

270 3196 421 3277 nascitur,
435 3194 583 3258 invidiam
605 3190 824 3278 comprimens.
869 3192 997 3255 Tertius
1011 3193 1130 3276 gradus
1147 3195 1228 3280 pati-

269 3299 353 3363 entia
362 3321 401 3361 ex
412 3293 919 3384 spiritnscientioegignitnr,iram
931 3295 1069 3360 vincens.
1085 3297 1227 3374 Quartus

268 3399 399 3487 gradus,
426 3399 577 3464 instantia
604 3400 678 3464 boni
709 3397 814 3482 operis
839 3420 893 3460 seu
926 3399 1158 3482 perseverantia
1187 3422 1225 3464 ex

270 3503 385 3590 spiritu
404 3501 611 3580 fortitudinis,
626 3499 779 3565 accidiam
799 3499 964 3564 suffocans.
1002 3501 1144 3576 Quintus
1154 3525 1227 3588 gra·

270 3605 341 3683 dus,
371 3604 501 3690 largitas
523 3604 588 3668 sive
617 3601 844 3678 misericordia,
874 3626 914 3666 ex
949 3603 1061 3689 spiritu
1092 3605 1226 3684 consilii,

266 3708 433 3771 avaritiam
449 3706 639 3792 deprimens.
675 3707 793 3769 Sextus
807 3705 939 3789 gradus,
955 3706 1146 3792 parsimonia
1161 3709 1226 3772 sive

268 3807 471 3884 abstinentia,
497 3831 537 3872 ex
569 3807 684 3892 spiritu
716 3807 946 3892 intelligentia,
972 3809 1225 3894 gastrimargiam

268 3910 406 3975 vincens.
445 3909 608 3994 Septimus
623 3907 743 3992 gradus
759 3909 863 3974 cordis
879 3911 1036 3975 munditia
1052 3934 1091 3975 ex
1108 3911 1222 3998 spiritu

268 4012 442 4097 sapientiae,
452 4010 680 4098 philargyriam
695 4011 862 4091 perimens.
894 4015 938 4076 Et
949 4011 1123 4076 notandum
1136 4013 1225 4098 quod

269 4114 424 4179 virtutum
451 4113 523 4177 aliae
550 4125 624 4176 sunt
651 4113 823 4188 naturales,
850 4114 921 4177 aliae
948 4113 1127 4187 meriton'ae,
1150 4135 1225 4197 qua.-

267 4215 394 4301 majoris
420 4213 524 4278 meriti
550 4226 625 4277 sunt
649 4236 745 4299 quam
776 4213 946 4293 naturales,
971 4213 1046 4298 quia
1072 4210 1225 4275 naturalis

268 4317 368 4382 virtus
384 4329 488 4403 potest
503 4316 534 4379 in
552 4314 678 4378 homine
701 4337 773 4379 cum
792 4314 869 4379 vitio
892 4327 1016 4378 naturae
1030 4311 1223 4390 cohabitare,

267 4433 301 4483 ut
330 4420 484 4506 patientia
514 4438 587 4481 eum
617 4416 719 4479 carnis
750 4415 935 4500 fragilitate,
966 4412 1120 4500 pudicitia
1150 4436 1221 4478 cum
