2992 5592
266 783 324 843 104
517 796 654 841 Joasurs
668 795 949 839 sanusnamsssrs
1080 777 1161 858 [nin.
1178 796 1210 839 ιι.

267 948 355 1034 pium
377 959 470 1025 est,a
495 972 562 1034 quo
585 946 740 1034 quicquid
759 969 833 1011 vero
855 947 981 1010 nomine
996 960 1144 1011 censetur
1163 946 1215 1009 ali·

264 1047 353 1134 quid.
398 1049 446 1113 Ut
473 1050 559 1112 enim
586 1050 630 1114 ait
660 1049 876 1134 Augustinus
903 1050 1074 1113 formatam
1100 1048 1214 1112 crearit

268 1150 357 1213 Deus
383 1150 560 1215 materiam:
595 1151 766 1237 siquidem,
791 1150 849 1215 etsi
876 1149 995 1214 alicubi
1021 1150 1149 1215 dicatur
1171 1154 1217 1213 ia-

255 1255 386 1339 sormis,
402 1275 565 1340 nunqnam
581 1253 710 1317 omnino
724 1253 833 1317 extitit
849 1254 916 1316 sine
932 1250 1051 1317 formis.
1084 1252 1218 1316 Investi-

268 1352 388 1440 gationi
403 1376 479 1438 ergo
495 1353 587 1431 ratio,
603 1376 665 1417 non
681 1355 767 1418 actui
784 1354 893 1430 servit,
904 1375 1044 1440 quonam
1061 1349 1139 1431 ὕλην,
1150 1375 1220 1438 qua

269 1453 412 1518 inlormis
423 1476 480 1517 nec
491 1464 551 1534 est,
561 1475 618 1516 nec
630 1476 707 1532 esse,
719 1452 773 1517 sed
787 1475 844 1516 nec
856 1451 948 1539 plene
959 1450 1098 1537 intelligi
1109 1464 1222 1537 potest,

271 1555 419 1620 deductis
440 1553 676 1642 quodammodo
697 1555 872 1619 formarum
898 1554 1034 1631 exuviis,
1059 1576 1162 1639 usque
1183 1551 1221 1616 ad

273 1656 433 1743 quandam
457 1656 633 1722 nuditatem
658 1659 719 1733 sui,
741 1656 971 1741 propriumque
993 1654 1156 1719 defectum
1178 1652 1222 1718 in·

274 1759 420 1824 tellectus
438 1763 653 1847 prosequitur.
699 1757 792 1822 Vires
812 1757 894 1821 enim
918 1757 1050 1821 rationis
1072 1756 1224 1844 quodam-

273 1861 370 1925 modo
392 1861 474 1925 circa
501 1884 604 1924 rerum
633 1860 787 1946 principia
814 1872 1016 1923 evanescunt.
1064 1858 1145 1923 Inde
1168 1874 1223 1934 est,

274 1963 361 2049 quod
385 1961 551 2042 Boethius,
567 1961 597 2024 in
623 1961 705 2024 libro
728 1977 839 2025 contra
860 1962 1045 2025 Nestorium
1069 1977 1101 2025 et
1123 1962 1225 2046 Euty·

273 2065 375 2142 chem,
392 2077 539 2128 naturam
555 2062 718 2135 definiens,
736 2065 781 2128 ait
796 2062 881 2127 illam
903 2087 969 2126 osse
984 2086 1094 2127 earum
1112 2086 1225 2138 rerum,

274 2187 348 2250 quae
360 2187 460 2250 quum
477 2164 550 2242 sint,
562 2187 692 2250 quoquo
708 2163 804 2227 modo
819 2163 980 2228 intellectu
997 2166 1067 2250 capi
1085 2179 1225 2251 possunt.

275 2269 450 2353 Exponens
471 2283 578 2330 nutem
601 2266 664 2329 vim
685 2265 891 2342 definitionis,
911 2289 1036 2350 quoquo
1056 2271 1159 2347 modo,
1173 2271 1226 2332 hoc

274 2370 417 2446 verbum,
431 2383 561 2454 propter
576 2371 682 2432 Deum
698 2384 729 2432 et
746 2370 912 2433 materiam
928 2369 1006 2433 dicit
1021 2371 1223 2456 appositum:

277 2471 354 2560 quia
374 2473 532 2536 incorum
552 2472 705 2536 scrutinio
727 2471 887 2536 humanus
909 2472 1017 2536 deficit
1039 2471 1228 2538 intellectus.

277 2578 377 2640 Porro
388 2573 551 2637 materiam
567 2577 655 2638 Deus
670 2574 745 2638 fecit
758 2595 797 2636 ex
812 2573 929 2647 nihilo;
954 2573 1079 2660 ipsique
1090 2576 1228 2640 materias

276 2689 422 2740 concreta
448 2690 495 2740 est
518 2676 632 2753 forma,
655 2700 692 2739 eo
718 2676 805 2763 quod
830 2675 924 2751 simul
947 2699 1039 2762 mque
1062 2675 1103 2740 de
1130 2675 1228 2741 nihilo

277 2793 400 2869 creata:
433 2779 477 2847 ita
505 2794 621 2855 tamen,
647 2793 682 2842 ut
707 2781 790 2844 sicut
814 2781 1015 2843 discretionis
1038 2778 1163 2853 formae,
1186 2780 1227 2845 in

276 2880 478 2966 privilegium
495 2882 649 2947 existendi
666 2881 806 2946 materian
822 2881 1032 2968 relinquatur.
1080 2881 1226 2956 Quodam

278 2982 360 3046 enim
374 2984 479 3065 modo,
488 3007 544 3070 per
554 2983 715 3049 materiam
727 2983 835 3049 existit
845 2984 962 3047 forma:
986 2984 1068 3049 sicut
1079 2983 1227 3048 discerni·

280 3100 334 3151 tur
347 3088 479 3151 materia
488 3087 567 3174 ipsa,
578 3111 634 3174 per
646 3087 791 3151 sormam.
823 3089 905 3150 Nam
918 3108 976 3149 nco
987 3085 1102 3162 forma,
1115 3111 1165 3151 res
1176 3109 1230 3172 per

279 3211 311 3251 se
327 3189 465 3255 existens
480 3205 539 3270 est,
553 3214 611 3254 nec
631 3190 763 3254 materia
778 3188 843 3253 sine
863 3188 974 3252 formae
990 3188 1155 3267 beneficio,
1171 3189 1230 3254 dis

280 3304 366 3354 creta
375 3306 432 3355 est.
464 3293 714 3368 Chaoserit‚aut
726 3289 980 3378 potinsmundus
989 3290 1146 3356 sensibilis
1155 3289 1231 3357 nihil

280 3391 351 3464 erit,
368 3392 426 3454 nisi
444 3414 549 3456 rerum
573 3394 701 3478 effigies
716 3393 827 3457 formis
846 3391 999 3457 adhibitis
1014 3407 1132 3458 natura
1150 3415 1231 3458 ωιιι-

280 3503 388 3576 ponat.
421 3490 468 3554 Eo
480 3506 601 3577 spectat
614 3493 693 3556 illud
708 3495 835 3559 Boethii
847 3495 879 3557 in
893 3488 1045 3580 primodo
1056 3494 1229 3561 Trinitate:

279 3614 370 3656 omne
384 3614 459 3667 esse,
471 3615 511 3656 aa
517 3595 627 3676 formo
644 3604 700 3669 est,
713 3596 800 3681 quod
813 3609 845 3661 et
861 3597 1013 3682 subjectis
1025 3596 1168 3663 declarat
1182 3619 1231 3662 ex·

283 3694 404 3780 amplis.
438 3696 1093 3786 Statuaenim,inquit,nonhabere‚quod
1105 3700 1233 3765 materia

281 3796 352 3880 ojus
366 3808 414 3859 est
429 3808 547 3873 statua,
561 3795 696 3861 dicitur:
723 3798 777 3862 sed
794 3799 835 3863 ab
851 3800 1011 3863 Hectorea
1026 3799 1075 3864 vel
1092 3801 1233 3866 Achillea

283 3898 395 3973 forma,
409 3921 481 3983 quae
493 3897 548 3961 aeri
560 3898 719 3984 impressae
732 3918 819 3965 sunt.
861 3905 941 3965 ltem
959 3925 1014 3978 aes,
1026 3925 1089 3967 non
1106 3927 1127 3966 a
1140 3918 1232 3980 terra,

281 4022 356 4086 quae
370 3999 439 4084 ejus
454 3999 585 4062 materia
599 4013 660 4075 est,
676 4024 719 4064 aes
733 4000 864 4077 dicitnr,
879 4001 934 4064 sed
950 4026 969 4066 a
983 4002 1095 4068 formis
1117 4027 1198 4089 quas
1215 4025 1233 4064 a

282 4116 397 4167 natura
411 4100 541 4187 accepit.
586 4104 685 4165 Terra
703 4127 831 4188 quoque
847 4104 927 4190 ipsa,
944 4125 1008 4167 non
1024 4105 1080 4167 ἀπὸ
1095 4112 1145 4182 τῆς
1159 4103 1232 4184 ὕλης,

283 4230 355 4290 qitae
370 4203 501 4269 materia
523 4205 594 4290 ejus
609 4218 668 4281 est,
685 4203 801 4269 dicitur
824 4218 919 4282 terra,
935 4207 989 4270 sed
1006 4230 1025 4271 a
1040 4208 1181 4274 siccitate
1202 4221 1232 4271 et

283 4309 452 4392 gravitate,
468 4332 541 4395 quae
556 4308 666 4371 formae
683 4321 767 4371 sunt.
808 4307 947 4373 Cuilibet
962 4332 1053 4394 ergo,
1065 4334 1134 4377 esse
1148 4309 1231 4397 quod

281 4421 339 4489 ost,
363 4427 417 4476 aut
441 4412 548 4499 quale,
568 4422 624 4475 ant
647 4424 802 4496 quantum
825 4422 916 4482 esna
940 4410 1042 4474 forma
1064 4426 1123 4477 est.
1171 4409 1232 4479 Sed
