2992 5592
269 828 335 873 cie.
347 811 435 892 xxa]
452 782 466 797 ⁶
632 827 874 875 uarinoowus.

338 1048 420 1133 Cap.
436 1053 489 1111 25.
513 1046 603 1110 Laus
621 1045 856 1111 Grammatico
871 1067 914 1109 ex
930 1045 1146 1114 Quintiliano.

318 1196 389 1258 San
415 1193 491 1280 quia
514 1193 567 1258 isti
599 1194 735 1259 hesterni
767 1197 869 1279 pueri,
895 1195 1038 1280 magistri
1065 1194 1221 1272 hodierni,

268 1296 333 1359 lieri
357 1295 546 1382 vapulantes
573 1297 605 1360 in
629 1295 742 1374 ferula,
768 1296 863 1360 bodie
888 1296 994 1361 stolati
1018 1296 1166 1361 docentes
1188 1297 1221 1360 in

268 1397 429 1474 cathedra,
455 1421 495 1461 ex
522 1398 702 1481 ignorantia
727 1397 874 1474 aliarum,
898 1417 1039 1483 arguunt
1065 1419 1222 1481 gramma-

269 1499 363 1563 ticam
385 1499 612 1578 commendari‚
627 1500 707 1586 quid
728 1499 769 1563 de
790 1499 884 1563 laude
904 1503 974 1585 ejus
994 1499 1175 1563 inveniatur
1190 1500 1222 1562 in

271 1600 351 1664 libro
365 1599 406 1662 de
428 1601 629 1665 institutione
649 1601 796 1679 oratoris,
811 1601 944 1664 audiant
965 1601 1133 1686 patienter,
1148 1615 1179 1664 et
1197 1601 1223 1663 si

269 1702 372 1790 placet
387 1701 610 1767 innocentibus
630 1703 847 1789 grammaticis
867 1715 1009 1788 parcant.
1054 1702 1113 1766 Ait
1128 1724 1221 1788 ergo:

267 1807 318 1868 Ne
354 1807 427 1889 quis
464 1814 621 1890 tauquam
655 1827 762 1888 parua
796 1807 962 1887 fastidiat
995 1808 1226 1886 qrammaticea

267 1908 442 1969 elementa:
467 1910 630 1991 nunquia
653 1926 779 1986 annana
800 1908 845 1966 sit
867 1926 971 1987 opera
994 1906 1175 1969 discernere
1203 1928 1225 1969 a

268 2006 428 2070 vocalibus
443 2015 663 2084 consonantes,
683 2027 803 2091 easque
816 2008 914 2087 ipsas,
929 2008 967 2068 ia
986 2009 1225 2071 semivocalium

269 2129 452 2186 aumewm,
473 2117 704 2192 mutarumque
723 2110 861 2188 partiri,
885 2109 942 2170 sed
962 2111 1041 2191 quia
1064 2110 1224 2172 interiora

269 2213 354 2274 velut
370 2211 458 2274 sacri
472 2210 572 2292 nujus
586 2210 794 2288 adeuntibus,
806 2209 979 2292 apparebit
994 2231 1106 2273 rerum
1121 2213 1226 2274 multa

270 2311 447 2390 subtilitas,
470 2333 542 2395 qua
570 2332 635 2374 non
662 2313 755 2375 mado
780 2333 897 2374 acuere
921 2314 1056 2392 iuqeaia
1078 2315 1226 2392 puerilia

271 2413 327 2474 aad
361 2433 512 2474 exercere
542 2413 737 2473 altissimam
774 2433 898 2495 quoque
926 2413 1156 2489 crudum-nem,
1185 2435 1226 2474 ac

272 2516 454 2586 auaritiam,
465 2515 576 2593 possit.
616 2513 686 2580 Quo
700 2515 951 2596 minussereudi
964 2522 1053 2587 sunt,
1068 2517 1126 2597 qui
1140 2517 1226 2576 lianc

274 2625 389 2695 artem,
404 2624 442 2679 ut
459 2623 599 2692 tenuem,
613 2614 882 2697 atquajejuaam,
895 2616 1104 2677 catillaatur.
1137 2615 1227 2690 Qua,

273 2719 337 2779 nisi
366 2717 492 2780 oratori
515 2719 639 2798 futuro
663 2716 892 2797 fundamenta
915 2715 1069 2796 fideliter
1094 2714 1227 2796 jecerit,

275 2820 431 2903 quicquid
459 2821 728 2900 superstruxeris,
757 2826 896 2880 corruet.
940 2818 1023 2880 Hac
1047 2825 1094 2879 eat
1124 2818 1227 2899 iqitar

276 2922 459 2986 liberalium
474 2923 601 2984 artium
613 2925 737 3002 prima.
754 2922 935 2984 necessaria
950 2922 1071 3001 prieris,
1078 2919 1227 3003 jocunda

275 3022 409 3098 renibus,
436 3022 543 3084 dulcis
568 3028 761 3083 secretorum
783 3041 903 3086 comes:
937 3028 969 3081 et
993 3040 1063 3103 qua
1086 3021 1165 3093 sola,
1191 3020 1227 3078 ia

281 3125 365 3184 omni
389 3122 572 3185 studiorum
595 3144 721 3203 periere,
745 3124 821 3204 plac
847 3119 967 3183 lubeat
992 3121 1107 3200 operis,
1131 3139 1226 3202 quam

279 3225 509 3287 ostentationis.

544 3685 686 3748 LIBER
708 3684 969 3749 SECUNDUS.

316 3840 523 3903 Snrsnroars
551 3839 626 3904 libri
651 3843 742 3917 serie,
770 3843 847 3906 satis
870 3842 1008 3907 arbitror
1029 3846 1228 3932 expeditum,

276 3940 515 4023 grammaticam
539 3963 600 4005 non
624 3964 691 4005 esse
713 3942 880 4006 inutilem:
911 3955 943 4008 et
965 3947 1052 4031 qnod
1076 3947 1142 4012 sine
1163 3949 1230 4026 illa,

277 4064 336 4107 non
360 4042 459 4107 modo
483 4041 666 4129 eloquentia
689 4045 830 4127 perlecta
853 4067 914 4108 non
937 4061 1072 4125 constat,
1095 4049 1149 4112 sed
1172 4071 1232 4113 nec

277 4143 315 4208 ad
341 4145 420 4209 alias
451 4143 663 4231 philosophiae
695 4147 915 4232 professiones,
946 4173 985 4214 eo
1015 4149 1232 4224 tendentibus,

278 4246 385 4332 aliqua
399 4259 492 4334 patet
505 4247 567 4322 via,
580 4269 639 4333 pro
649 4271 685 4312 ea
697 4271 828 4334 quoque
839 4250 948 4314 mitius
959 4248 1232 4334 interpretandum

278 4361 338 4412 est:
362 4345 508 4432 eoquod
524 4368 587 4411 non
604 4350 698 4413 modo
715 4362 837 4414 naturae
852 4351 990 4414 obnoxia
1006 4349 1162 4433 subjacet,
1177 4348 1233 4412 sed

278 4451 439 4515 voluntati
456 4449 620 4515 hominum
633 4451 819 4537 acquiescit.
858 4454 941 4516 Nam
957 4464 989 4515 et
1006 4450 1091 4534 leges
1105 4449 1235 4531 civium,
