2992 5592
373 784 435 843 276
629 795 765 841 rosuurs
781 792 1063 838 saasssuursssrs

372 947 495 1010 Asserit
510 950 578 1012 haec
594 949 679 1027 sciri,
694 947 877 1011 dubitanter
891 953 997 1011 cetera
1010 944 1121 1022 tradit,

457 1052 497 1113 Iu
511 1052 627 1134 quibus
641 1072 685 1113 ex
699 1070 761 1113 usu
776 1049 877 1132 major
890 1046 1042 1111 habenda
1057 1047 1155 1111 fides.

370 1151 455 1215 Nam
470 1154 580 1216 solitus
595 1174 698 1216 rerum
714 1173 825 1216 cursus
838 1152 917 1213 facit
931 1172 1002 1214 esse
1017 1150 1203 1233 probanda,

456 1254 537 1325 Quae
552 1276 680 1338 semper
693 1254 788 1317 simili
803 1254 862 1316 sub
878 1252 1002 1316 ratione
1016 1252 1118 1315 sides
1254 1253 1339 1316 1150

369 1356 453 1419 Haec
468 1368 573 1420 tamen
589 1355 749 1420 interdum
764 1355 914 1438 quoniam
929 1375 1022 1418 secus
1037 1353 1164 1418 accidit
1179 1375 1269 1432 esse,

456 1458 533 1520 Non
549 1469 623 1521 suut
637 1467 723 1521 certa
738 1457 826 1532 satis,
842 1477 904 1520 uec
919 1467 1027 1518 tamen
1042 1457 1170 1539 absque
1185 1456 1266 1520 fide.

368 1558 457 1640 Ergo
472 1559 559 1642 quod
574 1561 710 1621 affirmat
724 1578 842 1634 verum,
856 1567 949 1640 putat
962 1578 1032 1620 esse
1046 1578 1198 1630 necesse,

459 1662 499 1722 Iu
515 1661 647 1744 reliquis
663 1660 754 1723 dicit:
779 1658 875 1723 credo
889 1659 938 1721 rel
954 1679 1024 1721 esse
1039 1669 1129 1741 puto.

369 1764 528 1846 Mensque
543 1762 690 1826 modesta
704 1762 786 1824 solet
803 1761 848 1824 sic
865 1760 1019 1840 castigare
1034 1759 1214 1842 loquelam,
1249 1766 1334 1825 1155

457 1866 505 1928 Ut
519 1865 589 1927 salsi
604 1863 713 1926 nullus
727 1874 840 1942 arguat
854 1882 925 1925 esse
940 1882 1038 1924 ream.

371 1968 425 2031 Sic
441 1966 607 2049 adjectivis
622 1985 801 2028 sermonem
816 1973 971 2046 temperat
985 1983 1124 2035 omnem,

455 2068 581 2131 Debeat
594 2077 630 2129 ut
645 2066 757 2128 merito
772 2086 897 2148 semper
910 2064 1027 2127 habere
1043 2062 1152 2127 fidem.

421 2168 513 2230 Unde
530 2169 637 2229 Graeci
653 2166 917 2228 Academicorum
932 2172 1228 2246 temperamentum
1246 2170 1286 2231 in

668 2287 811 2329 sermone
825 2269 1019 2347 acceperint.

366 2369 454 2432 Hinc
469 2369 565 2431 etiam
580 2367 705 2448 placuit
720 2366 845 2431 Graecis
860 2366 974 2430 modus
989 2367 1044 2431 ille
1059 2370 1221 2452 loquendi

451 2469 556 2540 Quem
572 2468 680 2548 magui
695 2467 830 2532 laudant
844 2491 864 2532 a
879 2467 1030 2550 grauitate
1045 2470 1113 2546 riri,
1245 2476 1332 2536 1160

370 2570 575 2649 Conditione,
592 2568 655 2647 die,
670 2591 830 2654 causaque
846 2569 1006 2655 modoque
1023 2583 1172 2635 coercent

453 2672 571 2749 Verba,
585 2684 699 2735 carent
715 2673 814 2734 nimia
828 2672 1032 2755 simplicitate
1045 2673 1147 2756 loqui.

368 2772 432 2837 Sed
448 2773 641 2858 quaudoque
656 2774 750 2838 dolus
765 2774 935 2839 obducitur
948 2784 1015 2837 arte
1029 2774 1195 2859 loquendi,

452 2877 626 2958 Verbaque
641 2898 699 2959 pro
715 2879 811 2940 rebus
826 2876 882 2939 dat
896 2857 981 2941 bona
995 2876 1090 2940 fictus
1106 2898 1207 2940 amor.

427 2976 520 3044 Quod
533 2976 674 3038 Romani
690 2979 817 3039 Graecor
837 2979 1016 3040 imitantur
1038 2980 1073 3040 ia
1096 2977 1265 3043 verborum

711 3086 971 3160 temperamento.

367 3179 467 3241 Hunc
482 3199 600 3241 morem
616 3180 762 3263 sequitur
776 3177 855 3240 civis
869 3178 1047 3255 Romanus,
1062 3180 1174 3243 amicis
1239 3183 1328 3247 1165

452 3280 558 3341 Verba
573 3279 638 3356 dat,
654 3291 819 3361 argeutum
833 3279 932 3342 sumit
946 3300 1041 3342 avara
1055 3300 1179 3344 manus

367 3379 526 3442 Distrahit
540 3380 581 3442 ad
596 3401 729 3462 pensum
739 3380 845 3463 judex
860 3379 1010 3443 adverbia
1024 3394 1151 3456 cautus,

453 3481 537 3542 Nam
553 3483 690 3563 pretium
706 3481 809 3565 majus
823 3481 950 3545 utiliora
964 3481 1063 3545 dabit

364 3579 533 3662 Adjectira
548 3582 612 3644 suis
628 3582 739 3664 pretiis
754 3593 882 3667 aequata
895 3581 1067 3659 dabuntur,

450 3678 606 3746 Chartula
620 3686 669 3747 vel
684 3684 825 3747 calamus
839 3703 927 3748 raros
941 3683 1103 3767 inemptus
1118 3687 1187 3750 erit
1236 3692 1325 3753 1170

364 3779 483 3862 Captat
496 3800 575 3863 opes
591 3780 738 3856 Crassus,
754 3796 789 3847 ut
803 3805 858 3848 eas
873 3795 1038 3848 convertat
1051 3785 1086 3848 in
1100 3805 1225 3860 aurum,

450 3879 496 3941 Et
511 3882 654 3964 recoquit
667 3903 793 3963 purum,
807 3885 910 3968 possit
923 3895 960 3948 ut
972 3905 1044 3948 esse
1057 3898 1180 3968 putum.

364 3983 452 4047 Urbs
466 3982 550 4046 vitiis
564 3993 712 4065 corrupta
726 3985 794 4048 suis
808 3987 951 4070 corrupit
963 3998 997 4050 et
1010 3988 1132 4062 orbem,

449 4085 495 4148 Et
509 4097 608 4169 caput
622 4098 774 4168 aegrotum
789 4087 944 4169 languida
958 4089 1101 4152 membra
1114 4088 1202 4152 fucit

364 4187 463 4252 Curia
476 4208 551 4250 nam
566 4187 690 4270 quaevis
705 4188 839 4252 Groeeos
853 4187 1005 4268 imitatur,
1019 4201 1052 4251 et
1067 4190 1156 4253 urbis
1233 4194 1318 4256 117⁶

447 4289 597 4353 Esuriem
613 4290 715 4353 sensit
728 4288 827 4365 orbis,
841 4300 964 4354 amator
978 4311 1086 4374 opum.
