2992 5592
424 777 465 842 82
680 795 817 838 sonuum
834 793 1111 839 sannsnnarausrs
1243 779 1325 858 [nin.
1341 801 1373 844 n.

423 948 455 1009 in
471 946 648 1029 indigentia
669 944 891 1019 laborandum,
914 967 1015 1030 purus
1038 957 1071 1009 et
1086 945 1225 1030 simplex
1253 947 1374 1013 Dialec-

424 1049 507 1110 ticus
521 1070 592 1109 raro
613 1048 790 1110 examinat:
822 1060 853 1110 at
876 1046 907 1109 in
929 1046 966 1110 iis
987 1046 1126 1123 vivendi,
1144 1048 1194 1111 vel
1216 1049 1259 1112 ad
1281 1052 1374 1116 beati-

423 1149 579 1224 tudinem,
593 1147 640 1210 vel
656 1148 696 1210 ad
709 1148 969 1227 incolumitatem,
981 1160 1126 1212 versatur
1141 1149 1279 1216 utilitas:
1304 1153 1373 1217 licet

423 1251 506 1313 enim
537 1250 640 1334 logica
668 1250 801 1334 seipsam
832 1250 993 1334 expediat,
1020 1269 1153 1336 propter
1182 1252 1246 1316 alia
1276 1268 1375 1319 tamen

423 1353 525 1438 magis
537 1351 666 1416 inventa
678 1360 733 1416 est.
759 1354 840 1415 Fere
849 1376 936 1437 ergo,
949 1364 985 1416 ut
1001 1352 1132 1437 spiritus
1144 1355 1330 1421 animalium
1341 1379 1375 1420 ea

423 1449 575 1536 disponit,
598 1467 629 1515 et
656 1464 795 1533 vegetat,
817 1463 849 1515 et
872 1451 1024 1513 humores
1050 1455 1145 1535 regit,
1167 1466 1201 1517 et
1227 1453 1315 1518 fovet
1336 1455 1373 1519 ed

424 1552 521 1616 vitam
537 1552 715 1631 animalem,
731 1553 772 1616 ab
793 1553 871 1638 ipsis
886 1566 990 1616 tamen
1012 1552 1204 1618 humoribus
1224 1556 1373 1633 nascitur,

424 1667 456 1718 et
479 1654 655 1720 subtilitate
680 1677 750 1730 sua,
764 1668 797 1719 et
819 1653 938 1738 vigore,
958 1675 1104 1738 magnam
1128 1655 1244 1720 molem
1265 1658 1374 1743 agitat,

423 1758 505 1822 etad
519 1782 550 1822 se
562 1759 711 1845 disponit,
723 1769 881 1843 quantum
893 1779 958 1821 non
970 1761 1071 1821 noxia
1081 1761 1218 1824 tardant
1229 1784 1374 1846 corpora:

423 1860 467 1924 sic
483 1862 587 1944 logica
602 1858 642 1922 ab
662 1859 730 1922 aliis
746 1858 835 1922 ducit
855 1859 1022 1943 originem,
1037 1883 1156 1944 easque
1177 1861 1331 1949 disponit,
1344 1879 1373 1930 et

422 1975 528 2024 movet
544 1973 700 2045 qnantum
717 1959 840 2022 inertiae
855 1974 887 2024 et
901 1961 1091 2046 ignorantiae
1106 1978 1299 2028 nocumento
1314 1987 1372 2030 uon

422 2063 612 2126 retardatur.
648 2060 742 2137 Quod
759 2062 890 2147 planum
906 2077 954 2127 est
970 2062 1016 2138 iis,
1035 2063 1092 2149 qni
1113 2077 1145 2129 et
1161 2080 1262 2131 artem
1280 2068 1372 2132 disse-

421 2160 511 2224 rendi
527 2174 694 2239 noverunt,
709 2176 741 2225 et
757 2161 833 2224 alins
848 2162 1041 2248 disciplinas.

443 2350 522 2434 Cap.
544 2355 591 2414 ta.
618 2351 659 2412 In
674 2351 791 2431 quihus
804 2357 924 2414 constet
939 2355 1126 2416 anereitium
1141 2355 1223 2433 dua,
1240 2363 1273 2420 et
1286 2379 1347 2439 quo

717 2462 830 2516 utatur
846 2457 1070 2519 instrumento.

464 2572 645 2634 Vansatna
659 2570 846 2634 exercitium
864 2568 1049 2636 Dialecticae
1070 2574 1102 2637 in
1118 2575 1269 2641 omnibus
1283 2577 1371 2643 disci·

421 2669 526 2758 plinis‚
553 2670 709 2757 siqnidem
734 2671 942 2757 quaestionem
974 2673 1070 2738 habet
1097 2677 1282 2742 materiam:
1319 2680 1370 2745 sed

420 2796 502 2848 eam,
525 2795 600 2858 quae
626 2774 813 2858 hypothesis
838 2773 967 2850 dicitur,
994 2773 1029 2838 id
1053 2789 1113 2852 est,
1137 2800 1213 2863 quoe
1238 2779 1369 2845 circum·

421 2874 545 2938 stantiis
565 2873 757 2959 implicatur,
772 2872 923 2959 relinquit
936 2875 1065 2938 oratori.
1098 2877 1180 2941 Sunt
1195 2893 1302 2944 antem
1317 2880 1371 2945 eir-

421 2976 634 3051 cumstantiae,
663 2998 744 3061 quae
776 2974 930 3039 Boethius
960 2975 992 3037 in
1026 2990 1143 3060 quarto
1174 2980 1368 3066 Topicornm

421 3088 597 3152 enumerat,
620 3080 704 3159 quia
724 3078 814 3160 quid,
839 3077 903 3154 uhi,
918 3077 1035 3157 quibus
1060 3080 1284 3160 adminiculis,
1304 3105 1371 3163 cur,

420 3182 583 3260 quomodo,
597 3181 737 3262 quando.
776 3177 905 3243 Thesim
918 3198 991 3239 vero
1004 3177 1149 3243 vendicat
1164 3180 1245 3245 sibi:
1268 3183 1300 3247 id
1315 3197 1370 3259 eat,

420 3281 669 3360 quaestionem,a
681 3279 905 3360 praedictarum
915 3277 1226 3344 circumstantiarum
1237 3285 1370 3350 nexibus

419 3379 607 3444 absolutam.
635 3382 893 3444 communiorem
905 3379 986 3442 enirn
1000 3380 1248 3464 speculationem
1261 3409 1369 3474 aggre-

421 3477 520 3553 ditur,
543 3500 599 3540 nec
622 3479 696 3562 jure
720 3503 778 3542 suo
804 3478 966 3543 descendit
990 3478 1029 3542 ad
1058 3480 1201 3566 singula:
1234 3487 1369 3572 quodsi

419 3579 549 3664 quando
571 3579 687 3653 evenit,
711 3578 845 3663 hospitis
870 3601 970 3656 more,
992 3581 1083 3645 bonis
1109 3583 1231 3650 fruitur
1253 3587 1367 3653 alienis.

420 3681 521 3743 Porro
541 3683 787 3744 instrumentum
810 3704 876 3766 quo
898 3682 1054 3748 alterutra
1076 3686 1192 3766 utitur,
1207 3691 1368 3776 proposito

419 3805 477 3844 suo
499 3781 690 3858 deserviens,
713 3784 816 3846 oratio
837 3796 894 3847 est.
944 3783 1005 3847 llla
1026 3786 1110 3849 enim
1131 3811 1209 3874 quae
1228 3791 1368 3877 judicem

418 3896 522 3948 movet
534 3883 630 3947 alium
643 3908 661 3946 a
672 3883 928 3970 confligentibus,
941 3890 1092 3951 continua
1103 3891 1209 3955 utitur
1219 3896 1369 3973 oratione,

417 4000 448 4050 et
464 3985 647 4050 inductione
667 3984 885 4073 frequentium
916 4010 954 4049 eo
975 3986 1060 4074 quod
1076 3987 1117 4051 ad
1140 3993 1251 4074 plures
1265 4008 1324 4072 est,
1338 4006 1368 4059 et

417 4086 606 4173 plerumque
635 4085 790 4171 populum
822 4099 948 4171 captat:
982 4086 1051 4150 hoec
1081 4102 1189 4155 autem
1223 4092 1368 4159 interciet

417 4190 568 4265 oratione,
598 4202 630 4252 ct
661 4189 804 4252 crebrius
841 4189 945 4252 utitur
980 4189 1185 4274 syllogismis,
1216 4196 1296 4281 quia
1330 4193 1367 4259 dc

416 4291 586 4355 adversarii
613 4289 728 4371 pendet
757 4289 889 4374 judicio,
918 4302 948 4352 et
979 4288 1018 4351 ad
1051 4312 1150 4354 unum
1179 4309 1242 4372 est,
1270 4298 1369 4362 cuiai

416 4395 509 4457 tidem
537 4393 658 4469 fecerit,
683 4393 776 4456 linem
804 4391 958 4476 propositi
985 4390 1208 4475 apprehendit.
1258 4403 1367 4485 Neque
