2992 5592
272 834 336 880 cie.
351 810 467 896 nvnc]
619 832 862 879 usrsnoorcus.
1176 821 1217 879 93

269 1005 365 1069 quum
397 1004 503 1069 genus
531 982 633 1058 audit,
664 983 713 1046 rel
742 985 871 1070 species,
902 1006 950 1047 res
979 985 1109 1069 quidem
1139 986 1218 1051 dicit

269 1083 489 1169 intelligendas
506 1083 705 1164 universales,
722 1107 805 1148 nunc
821 1108 925 1149 rerum
943 1091 1106 1151 materiem
1121 1087 1217 1151 inter·

268 1199 421 1272 pretatur.
469 1188 543 1250 Hoc
563 1200 669 1250 eutem
694 1210 807 1250 nomen
831 1187 951 1273 inquo
976 1200 1142 1252 auctorum
1169 1189 1215 1251 in·

268 1289 400 1362 venerit,
417 1285 467 1349 vel
484 1287 564 1350 benc
580 1287 824 1364 distinctionem,
842 1289 997 1353 incertum
1014 1288 1133 1353 habeo:
1157 1291 1216 1355 nisi

267 1390 348 1455 forte
367 1388 400 1452 in
420 1391 672 1473 qlossematibus,
689 1404 744 1453 eut
766 1390 989 1454 modernorum
1011 1391 1129 1474 linguis
1143 1390 1217 1455 doc·

269 1502 382 1553 torum.
429 1488 492 1554 Sed
523 1501 556 1552 et
581 1487 625 1551 ibi
652 1488 731 1574 quid
759 1490 915 1574 significet
945 1512 1006 1552 non
1034 1488 1137 1564 video,
1159 1490 1219 1553 nisi

268 1613 373 1654 rerum
395 1589 611 1654 collectionem
633 1612 704 1653 cum
729 1591 902 1664 Geusleno,
925 1603 982 1653 aut
1005 1612 1070 1652 rem
1095 1590 1220 1653 univer-

268 1692 373 1772 salem,
399 1692 487 1779 quod
518 1706 624 1758 tamen
653 1693 738 1778 fugit
765 1698 927 1757 materiem
953 1691 1036 1764 dici;
1077 1713 1148 1755 nem
1178 1691 1218 1755 ml

268 1809 442 1881 utrumque
464 1807 571 1880 potest
592 1795 634 1859 ab
659 1795 923 1881 interpretatione
948 1816 1061 1857 nomen
1088 1793 1217 1857 referri:

268 1895 415 1981 eoquod
442 1895 599 1974 materies,
622 1918 728 1960 rerum
752 1918 914 1975 numerus,
937 1908 994 1961 eut
1021 1907 1133 1970 status,
1156 1892 1218 1958 dici

268 2011 384 2084 potest,
409 1997 443 2061 in
468 2020 535 2082 quo
562 1997 633 2062 talis
659 2012 823 2085 permonet
850 2020 910 2061 res.
955 2001 1023 2061 Nec
1047 1997 1134 2062 deest
1161 1998 1219 2084 qui

268 2121 372 2164 rerum
396 2111 501 2164 status
524 2099 680 2179 attendat,
705 2114 736 2164 et
764 2123 817 2163 eos
842 2122 959 2185 genere
983 2099 1061 2164 dicit
1087 2122 1165 2180 esse,
1186 2113 1218 2164 et

268 2201 395 2287 species.

270 2383 349 2467 Cep.
369 2388 416 2448 18.
442 2386 535 2460 Quod
547 2388 733 2468 posteriores
755 2406 877 2468 semper
893 2389 1039 2468 priorum
1054 2390 1220 2469 opiniones

652 2489 838 2550 immutant.

309 2609 462 2675 Loueurt
488 2614 561 2689 erit,
581 2625 614 2676 et
638 2635 656 2674 a
681 2613 844 2699 proposito
864 2612 992 2698 penitus
1015 2611 1164 2688 alienum,
1191 2612 1217 2677 si

269 2709 469 2797 singulorum
485 2713 649 2798 opiniones
663 2736 812 2799 posuero,
828 2711 876 2775 vel
892 2733 1029 2776 errores:
1054 2734 1166 2797 quum,
1182 2725 1218 2776 ut

270 2813 366 2876 verbo
387 2814 510 2878 Comici
531 2827 615 2891 utar,
624 2819 699 2898 fere
718 2826 796 2900 quot
815 2814 960 2888 homines,
984 2824 1032 2876 tot
1049 2814 1219 2879 sententie.

271 2915 353 2981 Nam
368 2914 411 2979 de
427 2915 587 3000 magistris
605 2929 662 2980 aut
683 2917 802 2994 nullus,
818 2933 873 2981 eut
889 2938 980 2980 rarus
1000 2928 1058 2994 est,
1074 2915 1131 3000 qui
1146 2914 1218 2979 doc-

270 3016 345 3080 toris
376 3016 425 3080 sui
457 3017 534 3081 velit
563 3015 716 3081 inbaerere
746 3017 897 3101 vestigiis.
953 3016 1001 3079 Ut
1033 3015 1094 3079 sibi
1123 3015 1220 3079 faciat

271 3138 396 3197 nomen,
409 3118 547 3204 quisque
566 3119 733 3205 proprium
754 3117 846 3183 cudit
866 3137 1025 3180 errorem:
1049 3118 1158 3200 sicque
1172 3116 1221 3195 fit,

272 3229 308 3280 ut
337 3215 415 3280 dum
438 3241 471 3281 se
497 3218 659 3282 doctorem
690 3218 848 3301 corrigere
878 3217 1051 3302 promittit,
1080 3216 1220 3302 seipsum

270 3317 504 3402 corrigendum,
533 3331 589 3383 aut
619 3317 928 3405 reprehendendum,
952 3330 1016 3381 tam
1043 3315 1220 3403 discipulis,

270 3440 365 3504 qusm
379 3421 515 3505 posteris
526 3420 675 3503 prebeat.
699 3423 773 3505 Ego
784 3419 852 3506 ipse
863 3419 940 3484 mihi
950 3420 1052 3504 legem
1065 3419 1146 3483 hanc
1157 3441 1219 3483 non

270 3519 399 3604 ambigo
417 3519 592 3597 imminere,
614 3533 650 3584 ut
671 3519 750 3583 dum
770 3522 811 3585 ab
831 3520 901 3585 aliis
922 3520 1086 3602 dissentio,
1105 3535 1136 3586 et
1157 3520 1222 3586 dis-

270 3641 396 3684 sensum
414 3621 533 3706 scripto
553 3621 715 3708 profiteor,
730 3644 780 3685 me
794 3622 911 3708 objicio
926 3622 1221 3708 reprehensionibus

269 3720 492 3809 plurimorum.
538 3724 604 3798 Qui
626 3727 708 3788 enim
732 3723 876 3811 loquitur
892 3724 1061 3810 judicetur
1079 3726 1121 3790 ab
1144 3749 1219 3802 uno,

270 3829 319 3889 rel
345 3848 366 3889 a
391 3825 520 3910 paucist
559 3825 612 3890 sed
642 3827 699 3910 qui
730 3828 852 3905 scribit,
877 3829 1018 3893 omnium
1050 3829 1221 3893 sententias

269 3927 399 4012 excipit,
424 3943 457 3991 et
484 3927 582 3991 totius
603 3928 699 4003 orbis,
723 3945 755 3994 et
781 3930 882 3993 omnis
904 3931 1007 3995 etatis
1033 3955 1065 3995 se
1089 3930 1221 4017 exponit

267 4028 400 4114 judicio.
459 4033 507 4096 Ut
534 4043 639 4093 eutem
671 4054 744 4095 curn
771 4032 957 4098 doctoribus
983 4033 1092 4098 mitius
1117 4054 1223 4115 egam,

272 4131 387 4217 saepius
413 4130 455 4194 ad
483 4151 607 4205 nomen,
633 4155 729 4217 quam
751 4132 792 4195 ad
815 4156 892 4212 rem,
915 4134 1064 4197 ridentur
1090 4132 1219 4217 plurimi

272 4229 446 4318 disputare.
494 4230 581 4293 Nihil
603 4245 705 4296 tamen
728 4247 774 4297 est
796 4234 883 4320 quod
904 4235 981 4298 artis
1001 4235 1099 4318 hujus
1118 4230 1221 4295 minus

272 4332 380 4397 deceat
405 4331 629 4419 professorem,
653 4337 803 4419 quoniam
828 4335 943 4399 modus
969 4336 1020 4398 bic
1043 4336 1111 4394 viro
1134 4334 1221 4411 gravi

272 4433 622 4499 inconvenientissimus
650 4450 707 4499 est.
767 4441 811 4501 Ut
838 4438 920 4499 enim
951 4436 996 4497 eit
1021 4432 1221 4511 Aristoteles,
