2992 5592
400 792 443 850 62
645 806 782 851 JOANNtS
797 804 1074 850 saansnamexsrs
1156 768 1165 780 ⁸
1218 788 1301 868 [crs.
1316 811 1349 854 u.

399 957 441 1021 ab
456 957 595 1020 humana
605 959 832 1021 constitutione
844 956 1032 1042 plerumque
1043 957 1184 1043 vigorem
1202 976 1344 1025 sumunt:

398 1072 430 1123 et
446 1058 533 1145 quod
556 1059 693 1145 publicae
714 1059 846 1123 utilitati
866 1058 1008 1122 ereditur
1028 1059 1192 1144 expedire,
1212 1064 1346 1127 naturali

393 1162 530 1248 justitiae
556 1175 752 1248 coaequatur.
806 1161 959 1227 Nondum
990 1175 1095 1226 tamen
1125 1164 1275 1229 absoluta
1303 1178 1346 1229 est

399 1265 532 1349 Logiea,
548 1287 657 1351 quam,
669 1265 728 1328 etsi
741 1263 873 1327 mutilus
885 1263 937 1341 sit,
947 1275 979 1326 et
991 1263 1130 1349 amplius
1139 1265 1347 1344 mutilandus,

398 1368 587 1433 Cornificius
612 1368 764 1454 parietem
793 1366 928 1430 solidum
955 1367 1062 1432 caecati
1089 1391 1175 1431 more
1205 1368 1347 1454 palpans,

396 1468 601 1556 impudenter
635 1482 783 1546 attentat,
820 1482 852 1532 et
889 1467 1108 1553 impudentius
1150 1471 1345 1537 criminatur.

397 1572 520 1658 Utique
535 1571 677 1636 veritatis
691 1571 824 1636 amatori
846 1592 907 1634 non
929 1569 1055 1655 placent
1064 1572 1187 1656 jurgia,
1203 1586 1236 1636 et
1253 1573 1346 1652 ultro,

397 1674 515 1738 nedum
545 1687 668 1761 sponte,
697 1697 729 1737 se
760 1672 920 1737 subtrahit
959 1676 1168 1750 contentioni,
1199 1675 1346 1761 quiaquia

396 1776 601 1863 amplectitur
621 1778 795 1842 caritatem.
841 1775 901 1854 sit,
916 1788 972 1838 aut
994 1797 1055 1837 non
1072 1775 1125 1854 sit,
1139 1779 1346 1860 grammatica

395 1899 470 1964 pars
496 1878 622 1962 logices,
645 1901 707 1941 non
731 1877 907 1941 contendo:
938 1888 1062 1940 constat
1084 1877 1181 1954 euim,
1201 1879 1291 1964 quod
1314 1881 1344 1943 ia

396 1978 595 2041 sermonibus
610 1978 758 2056 vertitur,
769 2000 887 2062 eosque
903 1977 1075 2052 ministrat,
1084 1978 1144 2042 etsi
1161 2001 1224 2042 non
1239 2003 1346 2045 omnes

394 2099 573 2143 sermonum
598 2080 757 2144 examinet
782 2080 931 2144 rationes.
982 2078 1036 2144 Tu
1064 2102 1140 2144 vero
1161 2079 1215 2145 cui
1244 2082 1286 2146 de
1310 2106 1343 2146 re

393 2192 528 2256 constat,
542 2180 583 2244 de
605 2183 730 2243 nomine
747 2179 920 2265 judicabis,
940 2203 1076 2266 eamque
1097 2182 1222 2246 cunctis
1243 2182 1343 2268 appli-

392 2281 479 2347 cabis
501 2281 715 2345 sermonibus:
748 2296 805 2346 aut
827 2281 911 2345 circa
934 2282 1092 2347 rationum
1114 2281 1275 2348 duntaxat
1297 2284 1341 2348 iu-

392 2384 540 2450 stantiam
562 2384 747 2448 coarctabis.
793 2387 866 2448 Non
890 2384 1028 2448 formido
1042 2384 1217 2469 judicium,
1231 2387 1290 2471 qui
1309 2398 1340 2450 et

391 2486 432 2550 de
454 2487 607 2573 aequitate
625 2510 740 2563 causae,
761 2500 793 2552 et
811 2486 932 2573 judicis
952 2487 1078 2572 peritia,
1100 2501 1133 2552 et
1154 2488 1340 2568 sinceritate,

390 2590 527 2654 confido.
574 2590 797 2677 Respiciamus
819 2610 897 2675 crgo
918 2595 1156 2667 corrationalis,
1178 2591 1268 2655 utilis
1287 2591 1337 2668 sit,

390 2708 424 2761 et
439 2695 521 2761 vires
543 2698 623 2783 ejus,
645 2696 822 2760 reluctante
844 2693 972 2770 aemulo,
987 2693 1167 2758 metiamur.
1214 2695 1253 2759 ln
1276 2718 1340 2782 quo

389 2799 533 2883 quidem,
559 2811 649 2862 tanto
672 2798 777 2861 minus
802 2797 919 2860 laboris
944 2819 1014 2860 meo
1043 2797 1201 2862 incumbit
1226 2796 1338 2872 officio,

389 2914 511 2985 quanto
526 2900 665 2963 favorem
683 2922 776 2964 suurn
799 2898 894 2963 etiam
909 2898 989 2962 citra
1003 2898 1250 2984 persuasionem,
1265 2900 1338 2963 saci·

388 3002 452 3067 lius
473 3002 628 3089 impendit
648 3001 789 3066 auditor.
833 3002 951 3066 Omnes
970 2999 1052 3064 enim
1076 3023 1109 3063 se
1129 3023 1200 3064 esse
1220 3000 1337 3087 logicos

387 3105 576 3190 gloriantur,
588 3129 649 3169 non
665 3104 762 3168 modo
777 3103 833 3190 qui
850 3102 1010 3166 scientiam
1027 3102 1191 3187 aliquibus
1204 3127 1336 3188 serpera-

386 3219 501 3273 verant
524 3207 697 3287 blanditiis,
717 3205 771 3270 sed
794 3218 826 3270 et
843 3203 901 3281 illi,
920 3203 978 3290 qui
1000 3227 1068 3268 eam
1089 3204 1234 3269 nondum
1257 3204 1335 3271 salu·

387 3317 537 3370 taverunt
551 3329 570 3369 a
586 3307 714 3370 lumine.

385 3567 465 3649 Cap.
485 3569 511 3627 l.
537 3564 632 3632 Quod
644 3566 758 3645 topica,
768 3586 804 3628 eo
816 3568 901 3650 quod
914 3586 1021 3631 aarum
1038 3568 1221 3652 querit,ad
1235 3575 1331 3632 totam

658 3667 793 3749 proficit
803 3670 1052 3752 philosophiam.

426 3826 483 3890 Ur
501 3825 612 3911 itaque
632 3824 767 3890 nominis
787 3825 976 3912 significatio
995 3828 1215 3905 contrahatur,
1229 3829 1331 3914 logica

382 3939 430 3992 est
459 3927 541 3991 ratio
576 3925 761 4008 disserendi,
792 3950 850 4013 per
885 3950 982 4013 quam
1021 3927 1121 3991 totius
1153 3929 1332 4016 prudentiae

381 4029 514 4113 agitatio
530 4028 696 4094 solidatur.
726 4030 833 4106 Quum
851 4030 934 4093 enirn
950 4032 1092 4093 omnium
1108 4032 1331 4117 expetibilium

381 4132 486 4216 prima
507 4132 548 4196 sit
568 4131 732 4218 sapientia,
748 4131 914 4216 ipsiusque
934 4130 1060 4193 fructus
1078 4131 1110 4194 in
1128 4155 1237 4196 amore
1256 4132 1330 4197 boni

380 4246 412 4297 et
435 4234 592 4299 virtutum
619 4234 709 4298 cultu
736 4233 897 4312 consistat,
919 4246 1056 4295 mentem
1080 4254 1207 4298 necesse
1229 4247 1278 4300 est
1299 4237 1330 4298 in

381 4334 467 4399 illius
481 4336 723 4421 investigatione
735 4336 865 4412 versari,
881 4348 912 4399 et
928 4358 989 4411 res,
1005 4334 1099 4420 plena
1115 4336 1332 4420 inquisitione,

379 4433 547 4512 discutere,
564 4451 600 4501 ut
622 4438 651 4501 ei
666 4436 707 4500 de
728 4434 862 4521 singulis
881 4459 949 4500 esse
972 4436 1070 4522 possit
1094 4459 1214 4522 purum
1229 4439 1331 4502 incer·
