2992 5592
391 782 454 852 216
635 808 773 854 sonitum
789 807 1069 855 smasaamausrs
1175 792 1283 874 [sacr.
1299 812 1339 859 rr.

395 957 536 1023 neseculi
544 959 738 1026 vanitatibus
747 961 940 1038 detineatur,
949 985 1025 1047 quae
1034 962 1094 1026 Dei
1101 963 1261 1027 suntetde
1274 968 1341 1029 Deo

395 1061 643 1146 circumspectus
661 1063 908 1149 contemplatur,
935 1078 967 1127 et
994 1064 1092 1128 sicin
1120 1064 1339 1129 multimodam

394 1164 443 1227 sui
458 1165 671 1248 cognitionem
687 1183 719 1230 et
739 1167 994 1231 reformationem
1018 1167 1212 1252 digreditur.
1258 1171 1340 1234 Hinc

393 1266 553 1331 Dominus
574 1267 614 1330 ad
640 1265 788 1354 Moysen,
807 1268 957 1347 Mende,
972 1268 1089 1355 inquit,
1112 1268 1172 1334 tibi
1194 1285 1228 1336 et
1250 1269 1338 1334 vide:

390 1367 464 1432 hinc
487 1369 607 1447 David,
623 1374 745 1435 Notum
769 1371 820 1435 fac
834 1371 924 1448 mihi,
949 1373 1097 1451 Domine,
1110 1373 1205 1437 linem
1222 1396 1337 1438 meum.

390 1469 477 1534 Hinc
491 1472 649 1535 deremias
667 1472 708 1537 de
722 1475 828 1537 anima
850 1473 974 1538 infelice
998 1475 1135 1561 seipsam
1151 1475 1335 1560 ignorante:

393 1570 510 1636 Sordes
531 1574 601 1658 ejus
618 1574 650 1636 in
671 1574 809 1660 pedibus
830 1576 911 1660 ejus,
934 1597 990 1639 nec
1012 1576 1177 1640 recordata
1197 1589 1247 1641 est
1270 1575 1339 1640 finis

389 1674 448 1738 sui.
497 1674 585 1740 Idem
601 1677 662 1740 sub
676 1677 778 1761 specie
798 1676 898 1741 felicis
919 1678 1033 1742 animae
1053 1677 1272 1761 cognoscentis
1286 1702 1334 1743 se:

388 1777 463 1860 Ego
477 1780 526 1840 vir
542 1777 652 1842 videns
668 1793 886 1866 paupertatem
898 1802 1009 1844 meam.
1058 1780 1143 1842 Hinc
1160 1779 1337 1864 Gregorius

388 1877 429 1942 de
450 1880 556 1943 anima
584 1895 720 1965 vagante
751 1881 879 1945 Stultus
903 1881 937 1944 in
965 1880 1079 1947 itinere
1100 1905 1225 1946 amoena
1248 1897 1338 1967 prata

388 1981 583 2067 conspiciens
599 1982 799 2048 obliviscitur
815 2008 879 2070 qno
893 1984 1008 2049 tendit.
1056 1985 1140 2049 llinc
1159 1984 1284 2049 villicus
1304 1986 1334 2048 in

386 2082 557 2167 evangelis,
578 2085 702 2150 Fodere
722 2109 785 2150 non
801 2087 902 2165 valeo,
923 2110 965 2152 m.
980 2112 1008 2152 e.
1023 2089 1080 2153 &c
1102 2087 1165 2161 Qui
1181 2087 1293 2173 utique
1309 2089 1333 2150 si

385 2182 518 2260 foderet,
535 2207 596 2248 non
609 2187 774 2252 mendicus
785 2186 839 2251 sed
849 2188 939 2252 dives
952 2204 1051 2253 esset:
1073 2186 1181 2251 fodere
1196 2209 1334 2273 namque

386 2301 432 2351 est
448 2287 669 2351 conscientiam
682 2301 714 2352 et
723 2291 883 2373 cogitatus
892 2289 1039 2365 scrutari,
1048 2286 1188 2372 linguam
1200 2302 1234 2353 et
1245 2302 1335 2352 actus

387 2389 517 2455 sollicite
538 2389 755 2475 contemplari.
803 2391 883 2454 Haec
905 2391 1005 2475 igitur
1027 2391 1123 2454 sossio
1144 2390 1274 2455 humilis
1287 2405 1334 2454 est

386 2492 549 2571 confessio,
559 2490 695 2556 salubris
703 2493 917 2578 compunctio,
927 2507 957 2556 et
974 2503 1084 2556 contra
1092 2514 1202 2555 omnes
1216 2491 1333 2555 inimici

386 2594 517 2661 insidias
532 2592 670 2681 perlecta
679 2595 889 2660 fenestrarum
906 2595 1053 2659 munitio.

418 2773 500 2835 Soet.
518 2773 547 2835 4.
577 2774 704 2847 Quarta
719 2779 850 2854 septena
865 2771 904 2834 de
917 2779 1032 2853 septem
1050 2772 1167 2835 viribus
1180 2771 1309 2835 anima.

431 2891 837 2973 stnrsseptenaseptem
849 2886 962 2950 virium
976 2886 1091 2949 animae
1100 2886 1334 2972 sequitur,quae

386 2993 426 3057 ad
457 2995 613 3057 exteriora
635 3013 772 3076 quaeque
801 2989 1008 3073 diriguntur;
1042 3013 1097 3074 per
1120 3012 1199 3076 quas
1227 3010 1334 3052 rerum

385 3094 525 3179 cognitio
540 3092 719 3158 evidentius
733 3091 917 3176 percipitur.
946 3092 991 3154 Et
1001 3090 1074 3155 licet
1085 3090 1230 3156 animalis
1239 3090 1334 3154 homo

385 3223 456 3284 quae
468 3198 600 3285 spiritus
611 3209 686 3262 sunt
699 3217 760 3258 non
773 3195 944 3280 percipiat:
960 3194 1098 3278 cognitis
1107 3211 1210 3260 tamen
1221 3195 1335 3258 animm

384 3302 506 3366 viribus
516 3302 548 3363 in
559 3298 666 3362 schola
674 3295 912 3383 disciplinarum
922 3310 954 3360 et
966 3297 1135 3361 viritutum
1143 3295 1334 3373 exercitatis,

384 3406 533 3489 majorem
556 3400 745 3485 cognitionis
767 3400 836 3483 ejus
858 3419 1018 3463 accessum
1042 3398 1147 3461 habet.
1206 3401 1333 3486 Septem

383 3517 458 3567 aunt
469 3502 582 3566 animae
595 3502 675 3564 vires
684 3502 716 3563 in
730 3500 867 3572 homini;
883 3499 1019 3580 animus,
1030 3522 1129 3581 mens,
1139 3500 1336 3585 imaginatio,

382 3606 502 3690 opinio,
526 3604 617 3680 ratio,
640 3602 830 3683 intellectus,
851 3616 882 3668 et
907 3602 1067 3667 memoria.
1124 3605 1265 3668 Animus
1286 3617 1333 3668 est

381 3709 495 3773 animae
511 3710 611 3770 virtus
622 3707 825 3791 potestativa,
838 3721 962 3770 natura>
974 3707 1213 3791 operationibus
1221 3707 1331 3770 amica.

381 3818 475 3879 Mens
485 3822 532 3873 est
545 3808 593 3871 vis
605 3807 711 3879 animi,
726 3830 876 3872 sensuum
892 3807 994 3871 officio
1003 3831 1036 3871 se
1050 3808 1203 3884 excitans,
1214 3827 1244 3873 et
1257 3832 1331 3895 quae

379 3912 533 3981 sentiendi
554 3911 658 3997 passio
680 3910 728 3973 vel
750 3911 833 3974 actio
855 3912 973 3996 cuique
994 3912 1099 3974 sensui
1115 3912 1262 3996 subjecta
1281 3913 1335 3992 sit,

380 4016 567 4081 deliberans.
614 4015 694 4077 Hoec
717 4010 765 4075 vis
791 4011 970 4077 intellectus
991 4013 1159 4077 exordium
1190 4017 1329 4100 primum

378 4118 528 4205 concipit,
549 4129 581 4181 et
604 4115 647 4179 sic
669 4136 832 4179 excessum
856 4137 948 4178 suum
979 4115 1019 4177 ad
1043 4119 1087 4180 rei
1117 4117 1330 4201 cognitionem

377 4220 539 4288 extendit:
557 4218 640 4282 unde
655 4217 744 4294 alibi,
763 4218 857 4280 Mens
876 4228 923 4280 est
940 4214 987 4280 vis
1006 4216 1115 4294 animi,
1131 4217 1329 4284 intellectum

375 4324 515 4386 formans
545 4334 577 4384 et
607 4316 846 4404 intelligentiam
877 4319 1082 4381 constituens
1136 4318 1330 4403 Imaginatio

373 4438 420 4487 est
437 4422 483 4486 vis
498 4422 611 4485 animoe
634 4443 696 4506 qua
719 4417 913 4502 percipimus
928 4418 1062 4502 liguram
1079 4419 1261 4483 etcolorem
1278 4422 1325 4485 rei
