2992 5592
166 823 229 871 cnr.
245 808 285 888 n]
301 820 305 825 '
529 829 770 875 usrssoorcus.
1059 820 1118 878 11⁷

163 975 210 1040 sed
219 999 324 1063 quum
336 977 452 1065 primae
462 979 536 1059 sint,
544 1002 585 1043 ex
597 980 801 1044 translatione
811 980 956 1044 devocari
967 982 1005 1046 ad
1017 981 1111 1047 aliam

161 1079 432 1165 significationem.
477 1081 575 1158 Quod
594 1084 672 1170 quia
693 1107 756 1147 non
775 1098 917 1162 omatus,
933 1086 987 1149 sed
1008 1110 1113 1153 neces-

160 1180 257 1246 sitatis
287 1205 400 1259 causa,
430 1183 598 1270 contingit,
624 1186 867 1270 aqnivocationi
897 1200 1111 1274 comparatur.

158 1284 295 1348 Tertiam
322 1284 467 1370 ejusdem
491 1285 622 1372 apponit
653 1287 810 1351 Boethius
838 1288 1111 1374 significationem,

157 1384 273 1464 dicens,
295 1386 433 1452 formam
454 1388 692 1453 substantialem
715 1390 841 1475 speciei,
863 1403 943 1476 puta
962 1391 1111 1457 humani·

158 1501 264 1563 tatem,
286 1488 425 1555 hominis
444 1489 579 1575 speeiem
601 1490 764 1576 appellari.
811 1492 875 1557 Sed
897 1492 990 1568 hanc,
1015 1496 1109 1557 subti-

157 1595 213 1656 lcm
226 1594 361 1675 speciem
383 1597 541 1673 nominat,
559 1606 592 1658 et
611 1616 650 1656 ex
673 1592 830 1657 industria
851 1593 971 1669 asserit,
992 1617 1011 1657 a
1033 1597 1110 1658 Por-

156 1693 269 1781 phyrio
285 1694 543 1780 praetermissam,
559 1717 598 1759 ne
614 1694 711 1760 nimia
733 1694 892 1780 gravitate
908 1694 1111 1761 introducen-

156 1794 268 1860 dorum
285 1797 410 1863 animos
424 1796 611 1862 retardaret.
657 1796 742 1875 Quid
765 1820 842 1880 ergo
857 1796 918 1862 sibi
934 1795 1034 1862 voluit
1050 1798 1107 1885 qui

157 1920 214 1964 non
237 1899 335 1966 modo
355 1900 436 1965 hanc
457 1913 567 1966 contra
587 1899 751 1965 consilium
771 1901 922 1980 auctoris,
943 1899 997 1964 sed
1019 1902 1108 1988 quic-

153 2000 228 2087 quid
252 2001 343 2067 aliud
368 2003 543 2089 excogitari
566 2015 681 2091 potest,
704 2002 885 2087 adjiciunt?
918 2007 990 2068 Hoc
1012 2005 1107 2068 credo

154 2121 321 2195 appetunt,
346 2121 383 2172 ut
406 2106 575 2173 videantur
597 2107 699 2173 multa
725 2108 815 2187 scire,
839 2121 872 2173 et
896 2108 1106 2186 benedixisse,

155 2231 254 2296 quum
278 2208 312 2273 id
332 2211 468 2294 egerint,
485 2223 521 2275 ut
542 2210 647 2276 minus
666 2210 785 2275 suerint
806 2210 968 2276 intellecti.
1015 2211 1104 2275 ldem

155 2310 208 2376 liat
228 2311 263 2376 in
284 2311 475 2392 differentia,
494 2312 634 2399 proprio,
657 2325 689 2378 et
711 2312 882 2378 accidente.
930 2314 1106 2379 Vocabulo-

156 2432 224 2476 rum
234 2411 420 2497 simpliciter
428 2413 612 2498 aperiantur
625 2412 878 2498 significationes,
888 2413 1108 2499 apprehenda·

157 2528 208 2579 tur
233 2513 300 2593 illa,
322 2536 400 2600 quae
426 2513 589 2599 proposito
612 2514 770 2600 congruit,
797 2536 853 2599 per
878 2513 1106 2601 descriptiones

155 2616 355 2695 certissimas,
373 2615 488 2680 deinde
509 2617 704 2702 singulorum
729 2628 904 2702 sequantur
926 2615 1104 2681 divisiones.

158 2720 323 2784 Postremo
347 2719 535 2784 differentias
562 2719 759 2804 singulorum
789 2718 830 2781 ad
861 2716 998 2802 singula,
1023 2717 1105 2781 sicut

157 2835 339 2895 occurrunt,
356 2821 388 2885 in
409 2820 576 2907 superficie
595 2820 809 2905 assignentur:
834 2831 864 2882 et
888 2817 1105 2903 Porphyrium

158 2922 330 3009 perlegisti.
377 2923 501 2990 Littera
517 2922 599 2986 enim
623 2922 763 2986 suaviter
784 2918 977 2985 excutienda
998 2931 1057 2994 est,
1073 2931 1104 2982 et

157 3045 216 3087 non
231 3045 318 3087 more
334 3021 533 3108 captivorum
548 3022 661 3087 acerbe
685 3021 876 3107 torquenda,
897 3020 997 3083 donec
1018 3018 1107 3083 resti-

157 3136 225 3189 tuat
237 3125 327 3211 quod
343 3146 405 3188 non
421 3125 552 3211 accepit.
599 3128 699 3190 Porro
711 3136 859 3188 austerus
879 3122 972 3185 nimis
993 3135 1025 3184 et
1046 3120 1105 3184 du-

158 3248 210 3291 rns
231 3230 384 3314 magister
405 3240 465 3304 est,
488 3227 601 3292 tollens
627 3225 715 3312 quod
742 3227 882 3310 positum
907 3245 968 3287 non
991 3236 1050 3303 est,
1072 3235 1104 3289 et

156 3316 274 3394 metens
298 3328 387 3415 quod
413 3351 475 3393 uon
502 3343 550 3394 est
577 3328 779 3406 seminatum,
804 3326 861 3413 qui
889 3327 1104 3412 Porphyrium

155 3429 238 3518 cogit
253 3431 384 3509 solvere,
399 3431 486 3517 quod
502 3455 610 3496 omnes
624 3429 805 3517 philosophi
823 3446 1027 3516 acceperunt:
1052 3431 1104 3495 cui

155 3534 350 3600 satisfactum
376 3557 440 3597 non
463 3547 523 3614 est,
549 3534 608 3597 nisi
637 3532 765 3597 libellus
794 3532 916 3609 doceat,
943 3531 1103 3620 quicquid

155 3635 269 3702 alicubi
290 3637 444 3723 scriptum
466 3633 635 3701 invenitur.
683 3635 781 3699 Plane
802 3635 918 3700 veritas
937 3651 984 3700 est
1002 3639 1104 3701 amica

154 3738 363 3826 simplicitati:
386 3755 419 3802 et
443 3742 500 3820 qui
522 3741 699 3803 indebitum
721 3741 836 3821 coegit,
856 3741 941 3821 quod
964 3739 1103 3804 delum

151 3852 217 3908 erat
233 3845 389 3926 accipere,
404 3844 579 3923 ampissime
593 3844 779 3907 demeretur.
816 3841 978 3925 Quicquid
994 3857 1102 3906 autem

153 3942 266 4010 litterae
280 3943 380 4008 facies
395 3942 524 4020 indicat,
540 3942 639 4007 lector
653 3943 755 4007 iidelis
770 3954 802 4007 et
821 3945 961 4029 prudens
979 3946 1102 4012 interim

154 4059 320 4112 veneretur
336 4058 373 4110 ut
389 4061 635 4122 sacrosanctum,
650 4045 751 4109 donec
765 4047 794 4109 ei
809 4045 872 4109 alio
886 4047 1031 4124 docente,
1046 4060 1104 4110 aut

152 4150 287 4215 Domino
311 4146 485 4227 revelante,
505 4149 619 4214 veritas
641 4148 767 4234 plenius
787 4161 819 4214 et
843 4149 1032 4213 familiarius
1053 4148 1101 4211 in·

150 4264 298 4317 notescet.
344 4247 440 4326 Quod
455 4253 536 4315 enim
554 4274 637 4314 unus
653 4250 789 4315 fideliter
804 4263 836 4313 et
854 4248 974 4312 utiliter
994 4247 1099 4324 docet,

149 4352 225 4418 alter
250 4375 349 4442 mque
373 4348 508 4415 fideliter
533 4367 564 4417 et
597 4352 719 4418 utiliter
744 4351 889 4415 dedocet.
935 4347 1099 4433 Siquidem

150 4469 229 4522 recte
239 4452 387 4521 docentis
399 4450 533 4517 officium
546 4477 604 4541 pro
614 4455 736 4518 rationo
746 4450 897 4536 temporis
906 4463 938 4514 et
947 4471 1099 4535 personae,
