2992 5592
269 800 329 860 122
523 810 659 856 saturus
675 806 951 855 saumussmusts
1064 790 1150 866 [nin.
1166 809 1215 854 111.

265 962 386 1040 nitatis,
423 959 597 1038 studiosus,
627 959 767 1034 virtutis,
802 956 996 1039 Platonicus,
1025 960 1216 1034 Socraticus,

264 1061 496 1150 professionum
512 1072 587 1126 sunt
603 1060 748 1134 nomina;
781 1056 952 1146 pmdietas
964 1058 1078 1144 itaque
1092 1081 1143 1123 rea
1157 1059 1217 1144 aig-

264 1165 404 1231 uifieant.
445 1165 582 1249 Exque
596 1163 700 1250 liquet
714 1161 865 1248 quoniam
882 1159 1074 1246 significare,
1089 1161 1171 1227 sieut
1185 1175 1217 1227 et

265 1265 452 1355 predicare,
480 1264 702 1352 multiplieiter
730 1263 870 1329 dieitur:
908 1262 962 1328 aed
993 1264 1069 1350 quia
1105 1264 1218 1329 modus

264 1367 527 1437 nmiliarissimus
549 1367 601 1448 sit,
621 1367 801 1435 diseernere
825 1365 931 1454 palam
953 1380 1012 1431 eet.
1060 1366 1143 1432 Inde
1163 1380 1220 1448 eet,

266 1471 355 1558 quod
371 1473 492 1559 justus,
513 1483 546 1537 et
568 1470 692 1546 nmilia,
715 1470 833 1557 paaaim
855 1468 943 1556 apud
962 1489 1122 1549 auctores,
1137 1492 1220 1536 nune

266 1573 421 1639 dicuntur
433 1573 575 1660 justum,
589 1594 674 1637 nunc
691 1570 851 1660 justitiam
868 1569 1057 1656 signifiare,
1074 1571 1124 1636 vel
1140 1594 1217 1659 pre-

266 1675 382 1742 dicare.
427 1673 567 1741 Sedent
589 1673 719 1739 omnino
739 1694 802 1738 non
823 1672 1032 1750 eonvertitur,
1047 1686 1107 1738 aut
1129 1676 1218 1738 raria-

266 1778 345 1844 sime
366 1777 549 1843 invenitur:
578 1774 605 1842 ai
627 1789 733 1842 tamen
756 1775 819 1839 hee
839 1773 968 1852 alieubi,
983 1775 1074 1861 quod
1092 1775 1218 1862 justitia

261 1880 389 1966 justum
412 1878 580 1964 signifieet,
595 1890 653 1943 aut
674 1876 837 1964 praedicet.
882 1876 1039 1942 Boethius
1059 1892 1168 1944 autem
1189 1877 1219 1942 in

266 1979 350 2045 libro
363 1979 405 2045 de
416 1978 586 2056 Trinitate,
602 1981 712 2054 Quum
725 1977 843 2064 inquit,
854 1979 925 2043 diae
934 1978 1149 2060 Demjmlua
1162 1988 1219 2058 est,

266 2083 458 2162 qualitatem
480 2080 588 2145 videor
605 2081 800 2162 predicare:
836 2082 893 2145 aet
910 2082 1050 2164 praedieu
1069 2083 1219 2147 mittam

265 2183 362 2248 lim:
384 2184 571 2258 immanem
585 2184 1062 2266 queeateupraeuletentienn
1100 2185 1218 2261 Quare,

265 2282 409 2369 inquam,
419 2282 607 2368 qualitatem
620 2283 785 2349 videbitur
799 2285 983 2370 praedicare,
993 2286 1021 2350 ei
1030 2284 1092 2350 hoc
1106 2309 1218 2350 nomen

261 2385 369 2471 justus
383 2407 446 2449 non
461 2383 614 2472 predicet
627 2385 826 2471 qualitatem.
872 2385 955 2451 Tale
969 2400 1016 2452 eat
1032 2386 1116 2453 illud
1135 2387 1219 2453 Arie

267 2483 383 2567 tutelis,
393 2484 581 2574 qualitatem
594 2485 784 2574 significant,
797 2497 836 2554 ut
846 2490 974 2554 album:
995 2492 1220 2574 quantitatem,

268 2599 306 2652 ut
327 2586 520 2653 bicubitum.
565 2587 618 2655 Sic
640 2589 753 2677 utique
774 2590 852 2673 quia
872 2590 992 2657 dantur
1013 2613 1034 2655 a
1055 2592 1219 2674 qualitate,

267 2689 318 2757 vel
343 2691 535 2777 quantitate,
560 2691 606 2756 ita
633 2706 666 2756 et
694 2691 882 2778 qualitatem
911 2691 1100 2779 predicant,
1126 2713 1218 2779 quam

268 2792 417 2880 apposita
430 2792 647 2857 demonstrant
666 2793 768 2857 inesse
787 2792 958 2879 subjectis:
987 2794 1154 2859 interdum
1171 2793 1219 2859 di·

267 2905 387 2958 cuntur
411 2892 587 2978 significare
616 2893 736 2980 qualia,
762 2895 912 2980 quoniam
939 2895 1219 2982 appositionem

268 2994 433 3062 declarant
447 2996 554 3083 qualia
569 2997 632 3062 sint
655 2997 809 3083 subjecta
856 2996 919 3062 Sed
941 2997 1012 3064 haec
1033 3021 1054 3063 a
1074 3002 1159 3080 sesi
1180 2995 1218 3062 eit

268 3099 426 3184 benignus
447 3099 614 3187 interpres,
637 3123 700 3164 non
722 3099 862 3164 multum
883 3099 1015 3178 distant,
1030 3101 1089 3167 etsi
1111 3101 1221 3166 audito

266 3203 367 3269 Attm
380 3201 591 3290 intelligatur,
603 3207 636 3269 in
647 3225 710 3288 que
724 3205 854 3268 albede.-
877 3224 979 3288 quum
991 3216 1100 3268 autem
1112 3205 1220 3270 ellade

268 3301 399 3381 dieitur,
410 3326 473 3368 non
488 3305 688 3392 intelligatur
702 3308 740 3370 in
754 3326 816 3388 que
827 3304 904 3370 telis
913 3303 1018 3380 oulen
1042 3305 1097 3370 sed
1114 3306 1221 3392 petius

267 3402 355 3465 eolor
368 3403 486 3468 faciens
500 3406 576 3470 tale.
621 3405 708 3471 Illud
723 3428 800 3470 vero
817 3404 905 3492 quod
925 3405 1038 3470 audita
1052 3429 1130 3471 veae
1149 3429 1219 3472 eun-

266 3499 346 3586 eipit
360 3499 550 3579 intellectus,
566 3503 666 3590 ipsius
680 3503 924 3570 familiarissima
938 3504 1130 3591 dgnifimuo
1143 3519 1198 3573 eet.

269 3661 349 3746 Cap.
365 3668 395 3727 3.
420 3663 506 3737 Quoe
518 3664 562 3726 eit
576 3663 907 3745 medicamentorum
921 3666 1094 3748 eetteeptie,
1108 3672 1141 3731 at
1153 3667 1221 3749 qui·

362 3763 420 3827 bue
434 3769 585 3828 eentente
599 3767 642 3829 eit
655 3765 808 3829 sobrietas
818 3767 1126 3850 pttewptanttm

313 3893 407 3969 Quia
423 3917 499 3982 ergo
514 3909 571 3963 ant
585 3897 761 3986 aequivoce,
773 3909 831 3963 aut
845 3898 992 3977 univoce,
1006 3910 1065 3965 aut
1078 3900 1221 3966 denomi-

269 3995 387 4076 native,
410 4008 447 4062 ut
468 4009 643 4087 aequantur
662 3998 889 4064 indifferentiae
908 4000 1078 4086 mfionem,
1099 4003 1222 4089 singula

268 4099 502 4188 praedicantum
539 4102 672 4190 ipsaque
701 4101 888 4189 praedicatio
916 4104 1067 4189 quaedam
1099 4105 1221 4173 ratioci-

268 4204 366 4270 nandi
386 4205 521 4272 materia
542 4218 602 4284 est,
617 4205 939 4292 praedicamentorum
961 4207 1128 4294 praemiata
1148 4220 1220 4274 aunt

267 4304 574 4397 instrumentaque
590 4306 821 4393 negotiantium
838 4331 879 4373 ex
893 4321 961 4374 arte
973 4331 1105 4396 operam
1122 4311 1221 4399 impe-

267 4407 371 4490 diunt,
384 4423 440 4476 aut
452 4422 649 4496 promovent,
659 4420 716 4475 aut
728 4422 913 4494 procurant:
937 4432 1011 4476 nam
1028 4415 1220 4489 Mallium,
