2992 5592
276 827 342 872 cae.
359 811 426 888 v1.]
595 822 598 828 ·
637 828 876 875 unranoumns.
1188 817 1227 878 71

274 995 422 1063 quentur.
471 979 628 1063 Suprema
642 978 967 1065 euim‚quiagenere;
990 993 1022 1046 et
1032 976 1141 1047 infima
1151 985 1228 1069 quin

273 1077 462 1146 differentiis
483 1091 603 1156 carent,
624 1078 746 1144 definiri
769 1102 830 1143 non
854 1095 997 1166 possunt.
1041 1083 1100 1148 Eis
1122 1095 1227 1149 tamen

272 1180 444 1266 descriptio
459 1179 642 1266 applicatur
657 1203 732 1266 qum
744 1182 781 1246 lit
805 1204 845 1245 ex
867 1182 1130 1269 proprietatibus,
1146 1208 1229 1271 qua·

273 1303 338 1346 rum
354 1281 433 1346 alibi
449 1303 513 1343 non
529 1280 685 1367 reperitur
700 1280 853 1347 collectio.
900 1284 1126 1349 Substantialis
1141 1291 1225 1353 enim

273 1383 426 1460 definitio,
448 1383 515 1447 sine
537 1405 653 1468 genere
672 1383 838 1470 propositi,
859 1397 891 1448 et
907 1383 1015 1472 aliqua
1037 1386 1230 1454 substantia·

272 1483 348 1547 lium
364 1482 632 1560 differentiarum,
647 1506 713 1547 esse
728 1506 790 1548 non
807 1498 922 1571 potest.
967 1488 1053 1550 Ecce
1069 1487 1113 1550 sic
1127 1502 1226 1552 artem

272 1582 442 1648 definiendi
459 1581 591 1646 edoctus
606 1604 696 1646 sum:
715 1583 878 1670 jubetque
892 1605 944 1647 me
962 1584 1131 1672 quodlibet
1152 1606 1226 1671 pro·

271 1684 447 1771 positorum
471 1683 636 1748 commode
659 1684 803 1756 definire,
830 1689 881 1750 vel
905 1686 1017 1751 saltem
1042 1685 1229 1753 describere.

273 1785 503 1871 Progredimur
516 1785 558 1849 ad
574 1783 738 1850 dividendi
755 1785 931 1862 scientiam,
946 1798 978 1851 et
993 1809 1097 1872 genus
1111 1788 1143 1850 in
1160 1810 1230 1874 spe-

271 1891 343 1968 cies,
365 1899 423 1952 aut
452 1909 510 1972 per
536 1887 740 1962 differentias,
767 1899 825 1953 aut
848 1910 907 1975 per
930 1887 1169 1954 affirmationem
1197 1903 1228 1954 et

271 1989 485 2074 negationem,
515 1986 706 2052 sufficienter
745 1987 888 2052 dividere
921 2009 1060 2052 moneor.
1106 1989 1228 2052 Totum

269 2088 430 2174 integrum
454 2089 488 2151 in
510 2111 564 2152 eas
586 2101 693 2176 partes
715 2087 936 2153 resolvendum
960 2103 1019 2165 est,
1042 2111 1082 2153 ex
1108 2089 1228 2175 quibus

267 2189 466 2274 integraliter
496 2202 638 2254 constat:
664 2183 851 2266 unire'rsale,
883 2190 915 2253 in
945 2191 1100 2276 subjecta,
1131 2206 1164 2254 et
1193 2195 1227 2257 in

269 2290 430 2374 potentias
446 2290 608 2356 virtuales.
655 2292 688 2354 Si
705 2290 791 2355 vocis
806 2304 854 2356 est
870 2291 984 2356 divisio
1002 2292 1157 2367 facienda,
1173 2307 1231 2357 aut

267 2393 517 2477 significationes
539 2392 625 2456 illius
650 2404 887 2474 enumerentur,
911 2406 968 2458 aut
991 2394 1088 2458 modi.
1134 2393 1229 2457 Acci·

268 2494 345 2559 dens
361 2496 395 2559 in
417 2494 563 2579 subjecta
583 2492 728 2557 dividere
747 2494 865 2558 doceor
888 2495 1136 2582 admonitusque
1153 2517 1228 2580 quse

269 2595 356 2660 illius
372 2594 593 2681 susceptibilia
608 2592 670 2659 aint
690 2597 825 2680 aperire,
840 2596 1021 2681 subjeetum
1044 2617 1175 2680 quoque
1195 2595 1228 2659 in

268 2696 458 2776 accidentia,
468 2718 570 2781 quum
581 2718 788 2782 eorum,quae
799 2698 828 2761 ei
838 2697 1000 2773 accidunt,
1011 2695 1229 2760 diversitatem

267 2799 425 2881 contingit
440 2798 616 2882 assignare:
635 2796 689 2861 sed
706 2811 737 2862 et
753 2797 924 2862 accidentis
946 2796 978 2861 in
996 2795 1227 2872 coaccidentia;

270 2921 372 2985 quum
394 2921 455 2986 pro
468 2899 684 2984 subjectorum
702 2899 867 2976 varietate,
884 2897 1070 2964 excedentia
1092 2921 1159 2963 esse
1172 2899 1230 2963 do-

269 3013 396 3078 centur,
422 3014 455 3065 et
481 3021 617 3087 excessa.
663 3001 897 3088 compendiose
923 2998 1035 3086 itaque
1060 2999 1229 3064 institutus

272 3123 357 3178 sum,
372 3101 452 3166 duas
466 3114 574 3188 partes
589 3102 732 3166 exercitii
747 3102 856 3187 hujus.
900 3105 1013 3166 Restat
1037 3101 1132 3163 tertia
1155 3099 1228 3183 qui·

267 3200 343 3266 dem
357 3202 456 3288 magia
468 3203 653 3279 necessaria,
665 3206 692 3267 si
705 3202 888 3275 baberetur,
901 3213 933 3264 et
946 3200 1041 3283 longe
1054 3198 1225 3276 verbosior,

268 3317 305 3369 ut
318 3302 499 3382 doceretur,
515 3327 567 3368 ars
582 3305 701 3369 scilicet
717 3301 906 3387 colligendi:
931 3322 1004 3386 quae
1019 3299 1061 3364 ad
1081 3298 1231 3364 sdversa-

268 3407 352 3470 rium
376 3403 627 3469 convincendum
651 3404 790 3492 proficit,
816 3401 866 3465 vel
891 3401 923 3467 iu
948 3401 1160 3490 philosophia,
1184 3402 1228 3467 ad

269 3508 437 3573 veritatem
452 3507 742 3582 demonstrandam,
758 3505 913 3591 quicquid
939 3507 1077 3570 sentiant
1099 3501 1226 3569 audito-

269 3630 330 3672 res.
377 3607 460 3690 Ejua
487 3608 598 3694 itaque
624 3618 849 3693 proponuntur
872 3628 974 3693 pauca
999 3618 1171 3691 praecepta,
1195 3619 1228 3670 et

269 3731 344 3794 quae
375 3731 447 3794 ego,
475 3707 654 3794 compendii
684 3708 800 3793 gratia,
830 3706 1035 3794 paucioribus
1064 3706 1228 3772 disseram.

267 3812 327 3874 Est
341 3808 454 3895 itaque
469 3808 642 3892 diligenter
661 3807 911 3883 observandum,
928 3818 964 3869 ut
985 3804 1026 3870 ad
1048 3804 1226 3869 faciendam

267 3909 362 3973 fidem
388 3910 473 3994 ejus,
494 3907 535 3970 de
558 3931 625 3994 quo
648 3906 768 3992 agitur,
785 3906 906 3992 aliquid
923 3904 1169 3992 praemittamus,
1188 3925 1228 3966 ex

267 4033 333 4095 quo
358 4009 441 4072 illud
465 4008 674 4094 probabiliter
697 4007 806 4072 inferri
830 4007 942 4094 possit,
965 4019 1020 4070 aut
1042 4003 1228 4079 necessario,

268 4111 363 4195 quale
378 4125 427 4174 est
443 4130 547 4194 genus
562 4108 603 4174 ad
627 4107 813 4193 positionem
837 4106 971 4193 speciei:
994 4117 1050 4169 aut
1072 4123 1136 4166 uuo
1154 4123 1228 4164 con·

266 4215 437 4276 trariorum
467 4210 585 4295 posito,
609 4210 767 4296 reliquum
796 4210 877 4274 tolli.
935 4205 1079 4270 Procedo
1108 4202 1231 4285 itaque,

268 4313 426 4398 quoniam*
447 4312 544 4374 homo
566 4310 742 4374 obtusioris
764 4308 883 4397 ingenii
906 4326 991 4384 sum,
1013 4316 1044 4365 et
1075 4298 1127 4362 cui
1152 4298 1233 4365 fides

268 4428 315 4480 est
335 4438 376 4480 ex
392 4411 532 4482 auditu;
562 4423 592 4474 et
609 4411 666 4495 qui
682 4412 748 4488 six,
765 4424 796 4476 et
811 4433 896 4486 raro,
911 4404 1086 4488 intelligere
1102 4421 1232 4486 possum
