2992 5592
132 819 198 866 car.
216 799 285 880 rm]
494 817 736 866 usrrsourcus.
1056 816 1096 871 77

135 967 551 1048 uatere‚manifestumest.
574 968 699 1055 Ergoet
709 993 769 1057 pro
779 971 909 1038 modulo
921 974 1096 1061 sapientia,

135 1095 230 1158 quam
246 1070 391 1158 quisque
405 1069 542 1157 adeptus
556 1086 615 1149 est,
631 1073 813 1159 eloquentia
827 1076 978 1162 prodest:
1003 1092 1094 1145 nocet

135 1173 214 1238 enim
232 1172 315 1248 baec,
333 1173 358 1236 si
374 1171 562 1236 dissocietur
577 1171 618 1236 ab
641 1172 703 1238 illa.
748 1178 801 1239 Ex
817 1199 883 1262 quo
904 1177 1006 1265 liquet
1028 1179 1094 1244 dia-

135 1272 293 1348 lecticam,
317 1292 385 1355 quae
401 1274 485 1334 inter
494 1273 655 1337 ministras
663 1275 846 1357 eloquentia·
856 1278 1093 1364 expeditissima

136 1387 193 1449 est,
204 1386 237 1437 et
253 1373 504 1460 promptissima,
518 1374 692 1460 unicuique
703 1377 850 1458 prodesse
860 1377 900 1439 ad
914 1400 1093 1443 mensuram

138 1474 277 1540 scientiae
292 1498 372 1542 suae.
419 1477 461 1541 Ei
476 1476 560 1539 anim
577 1478 706 1561 prodest
721 1476 907 1565 plurimum,
927 1479 983 1566 qui
998 1480 1095 1545 habet

139 1578 285 1643 notitiam
297 1578 528 1666 plurimorum:
545 1591 577 1644 et
588 1580 629 1655 ei,
640 1578 696 1664 qui
707 1580 918 1665 paucauovit,
928 1581 1094 1646 minimum

137 1680 280 1766 prodest.
329 1678 411 1745 Nam
427 1680 509 1745 sicut
529 1681 658 1766 gladius
683 1682 834 1746 Herculis
849 1683 879 1745 in
896 1705 993 1746 manu
1012 1683 1095 1768 Pyg-

137 1784 221 1862 maei,
244 1796 302 1848 aut
325 1783 521 1868 pumilionis,
544 1783 687 1847 inefficax
703 1797 773 1858 cst3
797 1798 829 1848 et
845 1784 927 1848 idem
950 1785 982 1848 in
998 1807 1095 1850 mauu

138 1882 287 1960 Achillis,
310 1897 367 1948 aut
384 1885 546 1970 Hectoris,
568 1884 607 1948 ad
625 1885 756 1949 modum
780 1884 923 1950 fulminis
946 1886 1094 1951 universa

137 1986 328 2072 prosternit:
363 1988 408 2050 sic
430 1986 617 2068 Dialectica,
642 1987 668 2051 si
694 1986 828 2052 aliarum
851 1987 1092 2074 disciplinarum

136 2088 246 2174 vigore
261 2089 468 2164 destituatur,
481 2089 720 2174 quodammodo
732 2113 841 2154 manca
854 2103 913 2168 est,
925 2105 956 2155 et
969 2090 1091 2157 inutilis

136 2189 212 2254 fere.
260 2190 294 2253 Si
316 2187 449 2253 aliarum
480 2190 594 2254 robure
616 2191 732 2275 vigeat,
755 2206 868 2278 potens
897 2205 944 2258 est
965 2216 1089 2258 omnem

135 2293 302 2359 destruere
322 2292 513 2358 falsitatem:
537 2302 582 2375 et,
603 2308 638 2359 ut
662 2295 827 2360 minimum
848 2296 877 2360 ei
900 2296 1089 2372 adscribam,

136 2394 254 2459 sufficit
283 2394 324 2459 de
344 2395 493 2459 omnibus
522 2396 727 2481 probabiliter
753 2397 929 2483 disputare.
974 2400 1090 2484 Neque

134 2496 218 2561 enim
235 2519 387 2583 magnum
410 2510 470 2572 est,
487 2500 523 2576 si,
546 2519 632 2562 more
651 2512 846 2578 nostrorum,
856 2500 981 2586 jugiter
1003 2499 1034 2562 in
1055 2523 1090 2564 se

136 2611 274 2679 rotatur,
289 2622 322 2663 se
342 2598 524 2676 circumeat,
541 2622 598 2663 sua
619 2599 752 2665 rimetur
772 2624 907 2675 arcana;
932 2612 964 2664 et
978 2603 1010 2666 in
1026 2600 1090 2665 illis

136 2701 298 2766 duntaxat
321 2713 476 2778 versetur,
498 2724 573 2788 quae
596 2724 652 2766 nec
675 2702 774 2778 domi,
797 2724 854 2765 nec
877 2702 1010 2782 militiae,
1033 2724 1089 2766 nec

135 2807 167 2868 iu
182 2805 267 2882 soro,
282 2825 340 2867 nec
355 2803 387 2866 in
403 2802 553 2883 claustro,
568 2825 625 2867 nec
646 2804 677 2866 in
700 2803 800 2884 curia,
815 2825 871 2867 nec
886 2803 919 2867 in
935 2802 1088 2878 Ecclesia,

135 2908 200 2972 imo
215 2928 388 2992 nusquam,
406 2905 465 2968 nisi
482 2908 514 2970 in
530 2905 650 2984 schola,
666 2920 818 2992 prosunt:
844 2906 889 2970 ibi
904 2906 987 2969 enim
1003 2919 1090 2970 tene·

134 3008 210 3072 riori
226 3007 314 3073 oetati
330 3006 425 3093 plura
439 3006 648 3093 indulgentur
663 3005 703 3069 ad
721 3005 852 3069 modum
868 3017 899 3068 et
915 3004 1088 3082 modicum,

136 3133 214 3198 quae
228 3132 303 3174 mox
318 3110 417 3194 magis
433 3112 535 3174 serius
549 3107 759 3195 philosophiae
772 3119 926 3172 tractatus
937 3106 1089 3170 eliminat.

137 3211 306 3299 Siquidem
329 3212 389 3287 hic,
410 3234 511 3298 quum
534 3211 573 3274 ad
596 3219 754 3273 maturam
780 3207 920 3271 scientiae
942 3205 993 3269 vel
1015 3207 1089 3272 vitae

135 3313 264 3379 venitur
272 3326 411 3393 aetatem,
423 3335 485 3377 uon
502 3311 598 3376 modo
610 3310 707 3373 verba
719 3308 864 3396 puerilia,
875 3322 907 3374 et
917 3308 1088 3375 licentioris

135 3414 359 3502 indulgentiae,
366 3414 420 3479 sed
431 3427 514 3480 totos
522 3413 714 3499 plerumque
724 3410 825 3497 rejicit
836 3411 942 3476 libros.
958 3413 1089 3479 Hoccst

131 3518 216 3582 enim
235 3515 322 3602 quod
338 3515 399 3580 sub
414 3514 532 3601 poetici
548 3514 633 3578 nube
656 3511 810 3596 figmenti,
827 3512 859 3576 in
878 3512 1035 3577 Mercurii
1055 3527 1088 3578 et

133 3618 324 3702 Philologise
331 3617 483 3682 docemur
496 3616 627 3703 nuptiis,
641 3616 783 3679 Deorum
793 3615 936 3679 omnium
946 3614 1089 3702 auspicio

130 3719 316 3796 contractis,
339 3738 371 3784 et
396 3717 515 3782 utiliter
538 3717 721 3781 bominibus
750 3717 986 3802 amplectendis.
1034 3716 1086 3783 Ibi

131 3845 271 3910 namque
286 3819 472 3907 philologia,
490 3831 658 3904 postquam
675 3817 745 3881 coeli
763 3816 883 3903 templa
897 3817 1087 3883 conscende-

131 3937 191 4003 rat,
206 3939 240 3990 et
262 3920 403 4011 purioris
424 3934 527 3986 status
543 3929 634 3983 nacta
648 3932 695 3983 est
718 3918 909 3996 libertatem,
933 3921 1086 3985 librorum

133 4028 270 4116 copiam,
286 4024 408 4111 quibus
422 4022 571 4087 foecunda
592 4037 670 4095 erat,
692 4023 869 4086 evomuisse
884 4022 1088 4087 describitur.

134 4131 189 4196 Est
200 4143 313 4195 autem
326 4127 444 4212 cuique
453 4125 560 4212 opifici
571 4124 757 4189 facillimum
774 4124 815 4188 de
829 4138 898 4189 arte
910 4148 968 4188 sua
979 4122 1085 4207 loqui:

132 4234 180 4299 sed
196 4256 239 4298 ex
263 4243 347 4309 arte,
369 4228 457 4314 quod
479 4228 557 4293 artis
572 4240 632 4304 est,
651 4227 766 4304 facere,
789 4225 1010 4290 difficillimum
1026 4235 1086 4285 est.

131 4335 207 4412 Quis
232 4347 287 4400 est
313 4331 399 4395 enim
426 4330 579 4407 medicus,
601 4327 659 4415 qui
689 4350 751 4391 non
782 4327 823 4390 de
852 4320 1025 4401 elementis,
1054 4335 1087 4387 et

129 4434 335 4510 humoribus,
353 4444 385 4496 et
405 4429 690 4517 complexionibus,
707 4440 739 4491 et
760 4423 890 4499 morbis,
914 4435 945 4487 ct
965 4422 1087 4489 caeteris
