2992 5592
470 828 546 874 vrrs
563 827 681 874 sANcTt
696 827 853 874 ιιιειιιιιι.
1073 816 1136 876 ela

187 1079 266 1164 Cap.
284 1089 314 1145 4.
337 1079 506 1146 Ansslmus
528 1083 718 1164 adquirebat
737 1084 883 1162 gratiam
906 1082 1072 1156 diuinam·
1096 1090 1135 1148 ut

223 1184 372 1264 profiteri
384 1191 490 1265 posset
503 1186 622 1247 seruire
636 1182 792 1246 Deorum
812 1183 903 1246 corde
916 1204 1002 1265 puro
1015 1191 1047 1248 et
1060 1205 1133 1248 oom-

226 1286 362 1347 scr'ents‘a
376 1285 468 1348 boma.
512 1283 565 1349 De
583 1285 718 1366 quodam
735 1304 811 1347 sene
832 1285 998 1366 decrepita
1020 1290 1134 1352 atatis.

227 1385 279 1448 De
302 1386 438 1467 quodam
461 1387 585 1465 juvens
611 1387 684 1467 [qui
712 1385 762 1462 ob]
792 1385 918 1448 nullam
943 1388 1134 1451 occasionem

226 1508 369 1569 anquam
393 1508 526 1550 monam
545 1490 672 1552 secretis
690 1488 835 1551 membris
852 1489 1037 1552 admoveret.
1082 1489 1135 1553 Do

227 1592 366 1655 Osberno
380 1593 542 1657 momacbo.
587 1591 640 1655 De
659 1590 796 1673 quodam
807 1594 923 1674 fratre
941 1592 1046 1655 odioso
1061 1613 1134 1656 eom-

226 1701 278 1756 tra
295 1693 490 1757 Amselmum.
538 1697 589 1758 Do
602 1697 724 1758 cisione
736 1695 870 1777 Rycalfi
885 1695 1041 1758 momacbt'.

226 1897 452 1962 Paas1nsnsr
480 1900 511 1963 ei
540 1901 707 1983 sapientise
736 1900 893 1984 Spiritus3
928 1912 964 1964 at
991 1901 1071 1965 nihil
1101 1902 1131 1964 oi

181 2012 306 2082 saperet
327 2000 390 2064 nisi
410 2004 510 2078 Deus,
526 2001 568 2066 ad
590 2023 685 2086 quem
708 2002 817 2064 omnia
837 2001 1003 2081 referebat,
1018 2017 1132 2082 ortum,

180 2122 377 2184 processum,
400 2104 562 2189 finemque
592 2105 742 2168 virtutum
772 2125 810 2167 ac
837 2105 991 2184 vitiorum,
1017 2106 1129 2191 depre-

180 2201 327 2266 hendens
342 2218 374 2266 et
389 2223 555 2288 exponens
576 2205 608 2267 in
632 2204 769 2284 singulis
790 2215 823 2266 et
842 2203 1002 2288 quomodo
1018 2225 1131 2290 appre-

180 2303 279 2368 hendi
315 2309 441 2371 valeant
471 2318 527 2372 aut
560 2307 660 2370 vitari.
717 2307 940 2389 Apostolicum
977 2308 1131 2392 implebat

180 2407 292 2484 virum,
317 2421 352 2471 ut
380 2410 442 2472 nisi
471 2432 543 2473 eum
572 2410 761 2473 humilitatis
790 2410 915 2472 cautela
938 2411 1131 2494 reprimeret,

109 2526 113 2539 ·
177 2510 319 2593 profiteri
335 2524 445 2595 posset
459 2533 531 2575 cnm
556 2513 701 2596 apostola
719 2510 759 2574 de
780 2509 876 2574 corde
896 2532 976 2592 puro
998 2523 1031 2575 et
1053 2533 1130 2577 con·

179 2613 312 2677 scientia
327 2615 413 2678 bona
428 2627 461 2679 et
476 2615 539 2678 fide
560 2637 625 2677 non
645 2615 736 2677 licta:
785 2614 865 2686 Quis
884 2611 1083 2690 infirmatur,
1098 2623 1129 2678 et

179 2734 235 2794 ego
256 2736 321 2778 nom
342 2717 513 2800 infimior?
560 2716 642 2788 Quis
662 2713 919 2791 scandalizatur,
934 2720 966 2775 et
987 2734 1043 2795 eqo
1063 2735 1131 2778 mom

179 2819 278 2879 uror?
303 2818 338 2898 [2
355 2817 428 2881 Cor.
445 2818 489 2879 xi.
505 2815 574 2895 29.]
621 2815 666 2877 Et
686 2812 772 2898 qnod
793 2812 834 2876 de
856 2813 1015 2897 discipulo
1034 2837 1129 2899 quem

178 2918 332 3001 diligebat
359 2921 455 2983 Jesas
484 2919 639 3002 scriptum
669 2917 835 2992 novimus3
867 2915 945 3000 qnia
974 2916 1128 3001 quicquid

177 3022 324 3106 loquitur,
342 3021 481 3084 caritatis
495 3019 570 3102 igne
586 3031 771 3104 vaporatur:
794 3019 886 3081 itaet
906 3019 1076 3081 Anselmus
1094 3027 1129 3082 et

174 3125 202 3188 si
229 3122 268 3186 ad
295 3124 487 3207 parilitatem
514 3124 592 3188 tanti
619 3123 753 3206 apostoli
783 3143 847 3185 non
878 3132 1032 3203 assurgat,
1057 3121 1128 3206 ejus

175 3239 283 3289 tamen
298 3224 442 3306 diligenti
461 3223 567 3289 studio
589 3224 721 3306 vestigia
740 3224 880 3287 imitatus
900 3234 965 3298 est3
988 3233 1023 3286 nt
1043 3232 1128 3287 totus

173 3329 242 3412 ejus
264 3347 379 3404 sermo,
400 3337 468 3391 tota
489 3327 563 3405 vite,
585 3327 705 3409 scripta
728 3346 857 3410 quoque
879 3325 987 3387 omnia
1008 3324 1126 3389 divinar

173 3429 359 3494 dilectionis
380 3431 454 3512 igne
475 3430 583 3514 quiin
604 3429 651 3493 eis
673 3429 760 3493 lucet
778 3425 945 3491 videantur
962 3448 1031 3491 esse
1053 3447 1127 3491 suc·

174 3552 282 3594 censa
329 3530 483 3595 Crederes
501 3552 575 3595 eum
594 3551 658 3593 non
680 3530 741 3593 sibi
764 3528 867 3592 vivere
889 3526 945 3592 sed
965 3529 1047 3606 aliis,
1061 3529 1127 3592 imo

172 3643 262 3695 tanto
286 3633 388 3696 verius
410 3633 484 3711 sibi,
507 3642 627 3715 quanto
648 3632 760 3695 utilius
783 3630 854 3694 aliis
876 3644 909 3694 et
930 3630 1059 3695 fidelius
1081 3631 1127 3694 ri·

173 3735 267 3798 rebat
288 3735 371 3798 Deo.
416 3735 559 3797 Aliorum
582 3753 710 3819 quoque
732 3733 909 3816 proiectum
931 3754 1059 3811 curans,
1077 3731 1126 3796 di·

172 3837 278 3901 vinam
293 3837 355 3901 sibi
371 3837 501 3920 gratiam
525 3835 723 3921 adquirebat.
770 3835 878 3908 Quum
894 3856 970 3899 vero
990 3837 1125 3898 salutem

173 3937 315 4001 omnium
330 3949 533 4020 procuraret3
555 3934 691 3998 infirmis
706 3945 814 3998 tamen
829 3945 923 3997 aetate
946 3934 994 3998 vel
1012 3933 1125 3996 morbo

171 4052 204 4104 et
234 4039 407 4124 juvenibus
443 4039 630 4122 ampliorem
667 4036 866 4119 diligentiam
906 4034 1124 4118 impendebat.

173 4141 256 4203 Nam
285 4143 389 4224 magis
418 4140 574 4222 indigenti
603 4139 696 4204 citius
725 4134 873 4211 occurrit,
899 4148 932 4201 et
961 4136 1125 4199 liberalius

171 4242 317 4306 subvenit
353 4244 477 4320 caritas,
514 4252 548 4305 et
581 4241 729 4305 acerbius
763 4237 898 4322 patienti
931 4236 1125 4320 compatitur

173 4346 284 4426 magis.
331 4345 427 4408 Unde
442 4346 471 4408 ei
487 4365 545 4428 pro
559 4354 633 4406 voto
654 4340 850 4427 frequentius
870 4339 1075 4416 succedebat,
1089 4348 1125 4401 ut

170 4448 431 4512 convalescerent
453 4455 652 4528 egrotantes,
677 4445 931 4510 confortarentur
953 4461 1059 4521 senes,
1080 4439 1122 4504 ad
