2992 5592
272 814 337 873 ost
532 821 669 866 loannis
684 820 967 865 sanussunrnusls

272 984 500 1050 convenerant,
536 976 667 1054 longum
704 972 868 1055 protendit
899 993 1110 1052 sermonem3
1147 987 1236 1061 atque

272 1077 354 1138 iuter
371 1087 487 1139 caetera
502 1075 565 1138 ait:
593 1077 613 1108 “
630 1074 738 1149 Quum
761 1075 847 1137 buno
871 1085 985 1158 utpote
1008 1078 1237 1159 peritissimum

272 1179 304 1242 in
334 1176 486 1239 omuibus
519 1175 707 1239 liberalibus
736 1175 918 1258 disciplinis
946 1189 980 1239 et
1016 1178 1054 1240 in
1085 1179 1233 1260 religione

271 1278 427 1342 nutritum
450 1289 483 1341 et
502 1278 609 1340 tritum
629 1277 771 1358 magistri
795 1278 869 1341 loco
892 1279 1014 1341 habere
1040 1278 1235 1358 debeamus3

271 1381 378 1464 sitque
408 1380 495 1441 velut
524 1376 655 1461 quidam
685 1378 816 1441 alterius
845 1379 932 1441 orbis
966 1380 1177 1462 apostolicus
1205 1395 1235 1445 et

273 1483 455 1567 patriarcha
471 1481 544 1565 jure
566 1479 787 1556 venerandus3
820 1481 920 1543 menti
942 1491 1053 1544 tamen
1078 1482 1151 1565 ejus
1171 1493 1232 1546 um

272 1585 401 1649 sincera
420 1585 514 1660 fides,
534 1594 601 1647 tam
624 1583 789 1646 excellens
814 1581 979 1645 humilitas
999 1583 1178 1665 praesidet3
1197 1593 1232 1646 ut

275 1709 334 1751 nos
355 1686 458 1768 magis
477 1685 660 1766 indigentes
680 1684 817 1748 consilio
843 1682 914 1767 ejus
936 1684 1103 1747 censuerit
1120 1705 1231 1750 consu·

275 1787 402 1866 leudos,
416 1799 448 1850 et
462 1798 498 1850 ut
518 1809 538 1849 a
556 1786 731 1849 reverentia
744 1783 834 1848 beati
852 1784 939 1846 Petri
955 1805 1056 1867 quem
1071 1784 1154 1850 adiit
1171 1807 1231 1850 non

275 1891 417 1974 potnerit
430 1890 582 1973 periculis
603 1898 694 1952 terrae
719 1899 775 1951 aut
798 1886 894 1949 maris
920 1887 1053 1955 moeri?
1099 1890 1184 1952 Haec
1201 1897 1233 1952 et

275 1998 369 2079 plura
389 1995 556 2058 Romanus
576 1993 733 2077 pontifex.
780 1989 847 2054 Sed
868 1990 919 2054 his
942 1992 1097 2056 omnibus
1118 1995 1228 2057 Ansel·

274 2097 394 2160 musio
411 2095 535 2158 silentio
551 2115 609 2157 suo
621 2095 755 2157 cautelae
771 2105 804 2155 et
818 2091 917 2154 divini
930 2092 1055 2157 timoris
1070 2094 1229 2176 opposuit.

275 2197 437 2278 Exposita
453 2217 525 2258 vero
548 2196 703 2258 adventus
723 2195 773 2258 sui
793 2215 901 2269 causa,
916 2194 1049 2258 miratur
1071 2208 1106 2258 et
1126 2204 1231 2279 stupet

275 2298 425 2369 ecclesia,
456 2297 765 2381 subventionemque
797 2296 1019 2382 plenissimum
1050 2297 1230 2380 pollicetur.

258 2399 391 2465 ,Jussns
406 2406 512 2460 autem
528 2398 655 2474 morari,
670 2398 848 2462 declinavit
861 2397 902 2460 ad
918 2409 1082 2476 montana,
1093 2397 1232 2462 Romani

276 2498 358 2562 aeris
387 2499 626 2563 inclementiam
655 2497 804 2583 fugiens;
834 2510 1047 2582 receptusque
1082 2511 1133 2565 est
1161 2520 1232 2565 cnm

277 2602 397 2665 bonore
412 2622 432 2664 a
446 2588 619 2665 venerabili
635 2601 701 2663 viro
715 2601 865 2663 Johanne
887 2598 1053 2683 quondam
1075 2601 1233 2666 monacho

278 2702 450 2778 Beccensi‚
472 2713 548 2765 trine
571 2712 676 2764 autam
699 2702 816 2765 abbate
839 2701 952 2765 Sancti
974 2699 1152 2766 Salvatoris
1172 2703 1233 2766 Te·

278 2805 389 2880 lesini3
412 2816 445 2868 et
459 2804 578 2867 ductus
591 2803 624 2866 in
641 2803 761 2878 villam,
777 2803 829 2867 cui
847 2802 972 2866 Sclavia
986 2823 1107 2867 nomen
1122 2815 1180 2868 est

279 3130 360 3214 Cap.
378 3134 427 3193 10.
451 3130 618 3193 Antelmua
637 3133 802 3212 complevit
820 3133 858 3194 in
874 3135 1046 3214 provincio
1066 3136 1231 3218 Capuam

320 3232 470 3293 volumen
492 3231 559 3295 Cur
581 3230 670 3293 Dens
685 3242 718 3294 ct
737 3231 844 3297 bomo.
889 3233 942 3296 De
960 3239 1107 3316 ροηιινία
1126 3255 1230 3318 oquoe.

321 3332 374 3395 De
396 3338 495 3414 puteo
518 3351 625 3414 uquoe.
670 3331 723 3395 De
752 3333 833 3396 duce
854 3336 996 3416 Apulia.
1042 3337 1096 3402 De
1120 3339 1231 3401 oomiu

322 3433 453 3508 Sicilia,
478 3441 509 3496 et
534 3435 739 3498 deamicitia
769 3456 840 3498 cum
867 3457 956 3520 popa
991 3439 1138 3503 Urbano.
1183 3439 1235 3504 Do

320 3539 452 3599 concilio
467 3537 636 3600 Berotai..
661 3536 714 3600 De
734 3541 922 3621 confusione
938 3541 1138 3616 Graecorum,
1154 3548 1186 3607 ct
1198 3542 1235 3605 de

320 3638 496 3701 ltaereeibne
516 3659 636 3702 eorum.
683 3640 855 3703 Aneclmuc
876 3648 1010 3704 uocatur
1029 3665 1052 3705 a
1072 3647 1153 3708 viris
1173 3645 1235 3708 Ro·

320 3741 428 3800 monia
442 3741 587 3802 Sanctus
599 3741 711 3805 Homo.
742 3741 795 3804 De
805 3745 1008 3807 investituris
1018 3746 1232 3810 evolaturum.

321 3839 374 3903 De
387 3842 518 3902 concilio
533 3842 648 3903 Romae
662 3843 824 3907 celebrato.

322 4020 446 4083 loiron
470 4016 516 4080 ibi
541 4016 674 4100 degens,
698 4033 732 4084 et
757 4021 789 4083 in
816 4023 997 4086 summitate
1028 4025 1150 4087 montis
1179 4023 1235 4088 nbi

279 4121 354 4184 villa
368 4133 445 4198 erat,
460 4121 644 4186 salubritate
660 4125 742 4187 aeris
758 4135 790 4187 ct
804 4127 891 4188 velut
905 4123 1044 4208 quadam
1060 4122 1234 4189 solitudine

277 4223 486 4299 exhilaratus,
505 4224 564 4288 ait:
589 4228 610 4260 “
627 4226 710 4289 Haec
738 4227 867 4310 requies
889 4248 970 4302 mea,
988 4226 1042 4290 hic
1069 4227 1235 4291 habitabo.

279 4323 407 4386 Vacans
418 4337 523 4388 autem
535 4326 609 4389 Deo
622 4340 655 4389 et
665 4327 740 4402 sibi,
749 4329 873 4409 insigne
884 4330 1043 4405 volumen,
1054 4329 1235 4412 incoeptum

278 4423 409 4505 quidem
427 4426 461 4488 iu
477 4428 606 4506 Anglia‚
622 4428 668 4491 ibi
690 4429 723 4491 in
745 4430 911 4512 provincia
930 4429 1056 4492 scilicet
1077 4430 1236 4514 Capuam
