2992 5592
508 855 733 902 surusrroos.
1037 842 1097 899 261

152 1009 333 1073 TimorDei
342 1009 456 1071 mundi
464 1014 677 1092 contemptum
676 1011 767 1093 facit
776 1009 941 1094 stdotficnt
949 1007 1099 1070 homines.

146 1112 359 1194 Contemptus
374 1110 484 1175 mundi
499 1111 651 1176 conditus
665 1132 772 1175 amore
787 1132 925 1196 superno
1035 1113 1099 1172 690

232 1213 360 1290 Omnia,
376 1234 449 1297 qum
464 1214 595 1297 spernit,
610 1213 642 1276 in
658 1234 716 1277 sua
725 1213 800 1297 jura
816 1212 921 1276 trahit.

147 1314 221 1377 Hoc
239 1316 308 1378 sine
324 1336 419 1379 nemo
435 1317 529 1398 sapit,
544 1315 630 1378 fovet
643 1315 730 1378 huno
744 1315 841 1379 timor
855 1314 908 1377 ille
923 1314 1046 1391 beatus,

233 1417 298 1487 Qui
314 1414 369 1479 dat
385 1416 592 1499 principium,
607 1415 829 1498 Philosophia,
844 1415 913 1477 tibi.

146 1518 266 1580 Insitus
282 1518 335 1580 bic
351 1530 495 1580 sanctum
512 1518 609 1580 timor
622 1516 800 1580 introducit
814 1536 967 1592 amorem,

232 1620 308 1682 Hoc
324 1620 361 1681 fit
375 1620 472 1682 homo
488 1620 630 1702 sapiens,
644 1620 707 1682 hoc
723 1619 760 1682 fit
774 1639 881 1681 amors
897 1619 998 1682 Deus.
1036 1624 1099 1683 700

146 1722 240 1795 Quod
254 1742 345 1783 unus
354 1721 447 1784 Deus
462 1727 509 1784 est
519 1741 580 1803 per
590 1727 760 1797 naturum,
771 1721 865 1782 multi
877 1740 936 1802 por
946 1722 1098 1802 grott'ann

144 1825 267 1886 Natura
284 1825 376 1886 Deus
391 1834 547 1901 ostanus,
564 1822 623 1886 sed
637 1843 766 1886 munere
781 1823 901 1906 plures,

230 1926 344 1988 Gratia
359 1946 441 2008 quos
456 1946 574 1988 numen
590 1925 784 2010 participare
799 1925 886 1989 facit.

143 2029 265 2091 Natura
280 2029 369 2091 Deus
385 2039 433 2091 est
449 2047 542 2104 unus,
559 2025 615 2089 sod
631 2026 733 2108 gratia
746 2028 866 2090 multos

230 2129 403 2193 Consortes
418 2129 519 2191 voluit
533 2129 676 2191 numinis
691 2149 761 2191 esse
778 2128 838 2190 sui.

145 2231 239 2303 Quod
253 2237 317 2294 tres
334 2250 484 2313 personae
504 2250 594 2293 unus
607 2229 709 2308 Deus,
725 2230 794 2291 suis
812 2235 919 2292 tomen
935 2231 1099 2294 distincta

483 2332 745 2415 proprietatibus.

144 2437 229 2498 Nam
246 2445 335 2517 pater
350 2449 382 2497 et
396 2449 489 2499 natus
500 2457 573 2499 cum
585 2435 715 2498 flamine
729 2447 804 2497 sunt
815 2434 907 2497 Deus
923 2455 1017 2513 unus,
1032 2441 1095 2500 705

229 2537 292 2600 Sed
307 2537 422 2599 retinet
436 2538 600 2621 proprium
616 2557 754 2619 prosopa
769 2557 907 2619 quaeque
924 2557 1028 2600 suum.

142 2638 237 2711 Quod
250 2647 313 2702 tres
332 2657 479 2719 personae
495 2641 595 2701 unius
610 2645 741 2701 natum
757 2642 848 2713 sunt,
868 2638 1050 2701 uoluntatis
1063 2647 1096 2700 et

418 2748 425 2761 '
514 2743 719 2823 operationis.

142 2844 214 2907 Sint
227 2844 305 2906 licet
319 2845 413 2907 uuius
429 2855 561 2918 naturae,
575 2843 726 2921 numinis,
742 2857 845 2922 actus,

228 2945 409 3009 Censentur
422 2945 562 3030 propriis
581 2964 720 3028 prosopa
735 2967 872 3030 quaeque
887 2947 963 3009 suis.

141 3047 241 3110 Filius
256 3049 366 3110 aeterni
384 3047 481 3130 patris
497 3058 529 3108 et
544 3045 679 3126 virginis
694 3046 787 3110 nlmae

227 3151 351 3212 Natura
367 3149 458 3211 Deus
473 3159 531 3222 est,
548 3167 678 3210 munere
694 3150 800 3211 sactus
814 3148 921 3210 homo.
1031 3152 1094 3211 710

139 3252 284 3314 Muneris
299 3263 356 3328 est,
373 3248 460 3333 quod
476 3246 573 3312 homo
589 3269 681 3312 verus
697 3271 790 3313 verus
805 3252 896 3314 Deus
910 3249 1007 3329 idom,

225 3354 413 3436 Exaequans
427 3351 547 3414 meritis
562 3351 695 3434 proemia
709 3352 802 3415 lance
817 3351 897 3437 puri,

138 3457 182 3519 Et
198 3454 285 3539 quod
301 3475 373 3517 eum
390 3453 485 3517 flexis
501 3453 637 3534 genibus
652 3474 702 3516 res
717 3455 823 3516 omnis
837 3453 947 3518 adorat

224 3557 457 3640 AEqualemque
474 3556 545 3618 Deo
561 3554 715 3641 praedicat
731 3577 802 3620 osse
818 3557 910 3641 patri.

136 3661 182 3724 Et
198 3661 253 3743 qui
269 3670 359 3722 tanta
374 3659 473 3742 patris
487 3658 615 3741 accepit
630 3679 762 3721 munem
778 3660 886 3740 gratis,
1026 3663 1089 3724 71⁵

224 3761 295 3826 Scit
309 3758 384 3823 dare
400 3760 555 3824 militibus
571 3761 694 3845 optima
709 3759 795 3824 dona
809 3762 886 3838 suis,

136 3867 312 3948 Acceptum
328 3883 444 3925 munus
458 3861 613 3944 dedignat
628 3864 715 3926 solus
730 3863 860 3941 habere,

222 3968 311 4037 Quos
326 3975 422 4043 amat,
436 3965 572 4027 illustrat
587 3977 620 4026 et
634 3964 710 4028 facit
724 3986 795 4028 esse
811 3966 910 4041 Deos,

136 4068 286 4131 Provehit
300 4065 341 4130 ad
356 4088 526 4142 summum,
542 4087 625 4150 quos
639 4067 739 4148 gratia
755 4078 854 4130 mater
867 4067 1010 4151 adoptat,

219 4170 344 4252 Proque
361 4169 460 4248 gradu
474 4169 576 4232 meriti
593 4189 716 4231 summa
731 4178 838 4231 tenero
853 4168 942 4232 facit.
1020 4175 1084 4232 720

131 4271 183 4333 De
197 4272 318 4353 triplici
334 4270 495 4350 superbio,
511 4290 582 4352 qun
598 4270 733 4350 impedit
754 4270 892 4330 hominis
910 4268 1083 4354 deificatio·

249 4391 326 4447 nem,
340 4370 460 4434 scilieet
474 4369 622 4444 rationis,
637 4368 816 4431 uoluntatis
829 4376 861 4430 et
875 4367 956 4433 vito.

130 4475 195 4539 Sed
212 4476 311 4538 fastus
326 4473 458 4536 rationis
472 4474 575 4548 obest,
590 4471 703 4535 erroris
718 4470 852 4546 amicus,
