2992 5592
267 806 308 864 20
511 817 647 864 scaurus
663 817 942 863 sanasnaaiansn
1097 799 1179 880 [aia.
1194 817 1215 862 1.

266 970 464 1035 identitatem
476 982 599 1056 pareret
616 968 801 1035 similitudo.
834 969 965 1034 Habent
975 972 1087 1056 itaque
1098 969 1215 1056 lingua:

266 1071 419 1136 idiomata
448 1095 517 1149 sua,
546 1085 579 1137 et
610 1071 728 1157 singuli
761 1093 855 1135 suuni
889 1071 1042 1156 loquendi
1075 1070 1216 1151 modum,

268 1197 375 1260 quem,
389 1176 445 1261 qui
469 1174 605 1258 ignorat,
621 1196 683 1237 non
708 1173 810 1259 magis
831 1173 995 1236 commode
1013 1173 1219 1258 Philosopha-

267 1276 368 1355 bitur,
401 1298 497 1359 quam
531 1274 557 1338 si
594 1274 708 1359 picam,
736 1274 877 1337 humana
909 1288 1074 1336 conantem
1112 1273 1218 1349 verba,

268 1376 344 1442 velit
359 1376 478 1441 homini
494 1398 669 1462 coaequare.
715 1374 780 1438 Alii
796 1373 951 1459 profecto,
965 1375 1082 1439 similes
1098 1380 1170 1451 mei,
1186 1395 1217 1438 se
1241 1453 1245 1459 ¹

269 1480 363 1566 nugis
378 1478 552 1543 curialibus
567 1480 848 1564 mancipaverunt3
872 1490 907 1542 ut
931 1501 1121 1563 magnorum
1136 1480 1217 1542 viro·

270 1604 341 1646 runi
363 1580 539 1667 patrocinio
568 1579 654 1660 freti,
676 1593 802 1664 possent
827 1579 868 1643 ad
900 1578 1028 1642 divitias
1057 1579 1218 1665 aspirare:

268 1686 388 1773 quibus
403 1708 436 1748 se
451 1683 614 1759 videbant,
636 1695 668 1746 et
686 1682 812 1768 judicio
834 1680 1045 1759 conscientiae,
1066 1681 1219 1768 quicquid

271 1786 382 1871 lingua
404 1785 592 1861 dissimulet,
615 1783 800 1849 fatebantur
822 1785 978 1869 indignos.
1024 1784 1131 1849 Taceo
1157 1788 1221 1849 vias

270 1888 416 1960 istorum,
438 1888 589 1972 quoniam
612 1910 665 1950 eas
687 1887 901 1968 polycraticus
923 1901 1030 1952 noster
1051 1887 1221 1973 diligenter

269 1989 451 2073 exequitur,
464 1988 522 2050 etsi
534 2009 642 2050 omnes
652 1987 744 2072 plene
757 2011 818 2051 non
832 1988 967 2053 sufficiat
980 1989 1147 2072 indagare:
1165 1988 1221 2051 hoc

270 2089 354 2152 enim
376 2088 457 2151 vires
479 2088 604 2153 excedit
626 2087 791 2152 humanas.
837 2089 904 2153 Alii
927 2103 1033 2154 autem
1051 2088 1222 2153 Cornificio

270 2190 396 2265 similes,
416 2188 456 2252 ad
478 2188 567 2273 vulgi
590 2189 811 2275 professiones,
834 2213 951 2278 easque
973 2191 1155 2277 prophanas
1178 2213 1223 2254 re·

270 2292 349 2379 lapsi
366 2307 455 2357 sunt:
480 2314 593 2379 parum
610 2306 757 2356 curantes
772 2292 852 2378 quid
870 2293 1077 2379 Philosophia
1091 2294 1220 2365 doceat3

271 2393 350 2480 quid
380 2392 609 2481 appetendum,
633 2393 877 2477 fugiendum-ve
907 2394 1096 2459 denunciet:
1130 2395 1222 2459 dum·

276 2496 372 2562 modo
384 2520 447 2561 rem
460 2498 606 2577 saciant,
618 2496 647 2559 si
663 2507 803 2579 possunt,
818 2506 909 2575 recte,
923 2499 952 2561 si
966 2519 1027 2560 non
1049 2518 1224 2580 quocunque

270 2601 367 2664 modo.
401 2601 562 2665 Exercent
570 2601 747 2683 soenabram
764 2599 940 2684 pecuniam,
955 2597 1085 2663 alternis
1101 2599 1223 2663 vicibus

273 2701 442 2788 inaequalia
456 2701 680 2774 mundantes,
701 2713 733 2764 et
749 2700 925 2786 adjectione
940 2701 1123 2787 multiplici,
1139 2700 1224 2786 quod

273 2806 535 2878 rotundaverant,
561 2801 777 2889 abaequantes.
823 2802 911 2866 Nihil
938 2804 1024 2866 enim
1057 2803 1223 2867 sordidum

273 2919 400 2992 putant,
424 2906 503 2970 nihil
524 2906 670 2982 stultum,
694 2904 753 2968 nisi
774 2905 973 2991 paupertatis
993 2906 1170 2990 angustias,
1192 2916 1225 2969 at

274 3011 356 3074 solas
381 3033 459 3096 opes
484 3009 608 3074 ducunt
633 3031 700 3073 esse
726 3007 869 3072 fructum
900 3007 1074 3092 sapientiae.
1121 3009 1225 3094 Siqui-

272 3111 345 3176 dem
362 3111 484 3176 celebre
499 3124 546 3176 est
561 3111 593 3174 in
606 3109 700 3173 corde
715 3107 934 3193 eorum,quod
951 3107 995 3172 ait
1007 3107 1156 3190 Ethicus,
1167 3107 1224 3174 etsi

273 3213 335 3277 hoc
349 3236 434 3290 eum,
448 3213 527 3298 quia
541 3211 766 3289 contemnitur,
781 3209 899 3273 dixisse
914 3231 977 3273 non
993 3209 1161 3275 noverint:

380 3329 418 3380 Et
428 3346 520 3395 genus,
533 3336 559 3380 et
571 3327 689 3389 formam,
701 3328 793 3394 regina
804 3327 915 3397 pecunia
927 3328 1016 3391 donat,

381 3413 416 3465 Et
427 3413 494 3465 bene
505 3419 667 3465 nummatum
679 3412 785 3464 decorat
797 3411 920 3476 Suadela,
933 3412 1090 3482 Venusque:

278 3519 352 3581 Hoc
374 3529 480 3580 autem
503 3515 594 3601 quasi
616 3514 797 3601 quadrivio,
821 3517 881 3581 sibi
906 3519 1018 3605 utique
1041 3521 1226 3596 necessario,

275 3617 448 3682 eredebant
463 3617 515 3679 illi
530 3615 685 3700 repentini
703 3615 899 3702 Philosophi,
911 3627 944 3680 et
958 3638 1030 3681 cum
1044 3619 1225 3696 Cornificio,

276 3743 340 3784 non
374 3718 469 3783 modo
497 3718 581 3782 trivii
610 3718 722 3797 nostri,
746 3717 801 3781 sed
834 3719 936 3784 totius
962 3719 1122 3806 quadrivii
1156 3745 1226 3787 oon·

279 3835 460 3907 temptores.
506 3824 601 3900 Nam,
621 3832 658 3884 ut
679 3819 802 3885 dictum
825 3834 885 3896 est,
906 3835 963 3886 aut
986 3824 1047 3887 sub
1066 3837 1225 3909 praetextu

279 3923 439 4009 religionis
458 3921 683 4007 mergebantur
702 3921 733 3984 in
755 3920 912 3997 claustris,
927 3935 995 3999 aut,
1010 3925 1071 3989 sub
1093 3925 1227 4010 imagine

278 4025 536 4114 philosophandi,
551 4038 583 4089 et
599 4022 748 4088 utilitatis
773 4022 922 4109 publicae,
937 4023 1166 4109 confugiebant
1188 4024 1226 4089 ad

278 4128 454 4215 physicam,
476 4139 532 4191 aut
559 4125 620 4190 sub
646 4124 818 4189 honestatis
844 4125 1009 4203 velamine,
1035 4150 1103 4212 quo
1129 4127 1228 4215 splen·

280 4232 403 4309 darent,
422 4242 454 4293 et
479 4226 738 4302 sublimarentur,
762 4250 796 4291 se
822 4227 984 4312 praeclaris
1009 4228 1160 4294 domibus
1185 4230 1230 4292 iu·

280 4333 449 4420 gerebant:
472 4345 528 4395 aut
544 4330 605 4394 sub
623 4329 758 4393 obtentu
778 4332 982 4412 necessitatis,
997 4334 1229 4421 exercendique

279 4434 386 4513 officii,
414 4434 491 4498 dum
522 4433 648 4497 lucrum
678 4431 838 4509 sitiebant,
870 4434 1057 4521 multiplicis
1089 4437 1229 4503 avaritia
