2992 5592
267 782 330 841 296
525 795 661 841 roauxrs
676 787 961 842 sausseeureusrs

356 949 483 1029 Spargit
498 950 617 1032 ubique
632 951 746 1027 bonos,
763 948 847 1012 uude
863 952 996 1032 placere
1013 964 1131 1036 queat·

271 1048 386 1112 Castus
401 1071 489 1112 arnor
503 1052 598 1113 rebus
613 1051 660 1114 sic
676 1073 803 1135 semper
817 1050 964 1116 adhaeret
977 1053 1145 1128 honestis,

357 1151 453 1221 Quod
468 1172 527 1215 uec
544 1152 592 1214 ris
606 1152 708 1234 major
722 1152 895 1215 dissociare
910 1165 1045 1237 potest;
1159 1161 1238 1219 1790

270 1252 412 1314 Virtutes
426 1253 512 1316 locat
526 1255 558 1316 in
575 1255 697 1331 castris,
712 1255 758 1317 sic
773 1256 882 1317 omnia
897 1257 1016 1334 munit,

357 1354 404 1417 Ut
418 1357 541 1418 nullum
557 1356 659 1439 possit
674 1356 775 1419 hostis
788 1357 907 1419 babere
922 1358 1044 1420 locum.

271 1455 337 1518 Sed
352 1457 445 1520 timor
458 1458 491 1519 in
508 1479 608 1534 servo,
624 1457 727 1520 valeat
741 1458 817 1520 dum
833 1480 933 1541 poena
948 1461 1073 1536 careri,

358 1559 409 1622 Ad
426 1561 551 1623 facilem
567 1572 723 1643 quaestum
737 1558 831 1622 cedet
844 1561 971 1644 eritque
988 1583 1131 1642 nocens,

272 1660 317 1723 Et
333 1662 423 1725 samaa
439 1675 558 1738 custos,
574 1662 649 1724 dum
666 1660 768 1746 possit
783 1662 877 1744 culpa
891 1663 1008 1740 latere,
1156 1671 1239 1729 1795

358 1765 528 1829 Consentit
542 1764 625 1825 ritiis
640 1763 760 1846 absque
774 1764 889 1824 rubore
904 1763 1024 1846 pudor.

273 1865 346 1929 Nou
363 1868 410 1930 sic
427 1888 518 1929 rerus
534 1888 631 1943 arnor,
646 1867 700 1949 qui
716 1885 791 1928 casu
807 1863 892 1926 fidus
906 1865 940 1926 iu
958 1868 1053 1928 omni

358 1969 516 2032 Virtutem
531 1970 630 2030 solam
646 1967 765 2050 gaudet
779 1967 882 2028 inesse
899 1967 974 2028 sibi.

271 2073 323 2134 Ob
339 2092 452 2134 causas
467 2068 568 2133 varias
583 2084 767 2154 quaeruntur
782 2079 907 2144 caetera,
923 2068 1028 2132 virtus

357 2173 399 2236 Se
416 2184 568 2235 contenta
582 2174 628 2233 sui
645 2172 777 2255 praemia
791 2190 918 2252 semper
931 2170 1049 2250 habet,
1156 2179 1243 2238 1800

270 2274 386 2335 Omnia
402 2275 507 2335 virtuti
523 2274 628 2334 fatalia
644 2273 817 2335 commoda
830 2270 960 2350 cedunt,

359 2369 486 2433 Virtutis
500 2372 621 2432 fructus
636 2381 686 2433 est
701 2372 733 2434 in
751 2393 857 2435 amore
872 2371 938 2454 pio.

269 2473 359 2535 Sicut
374 2486 461 2535 casta
476 2469 571 2534 fidem
588 2473 723 2555 cupiens
739 2484 861 2537 servata
876 2474 995 2536 marito

357 2573 487 2658 Coujux
503 2573 646 2637 declinat
661 2587 694 2638 et
710 2575 856 2638 studiosa
869 2574 962 2654 fugit,

268 2677 319 2742 Ne
335 2677 508 2761 corruptori
525 2687 632 2760 pateat
645 2679 738 2741 locus
754 2679 838 2740 ullus
853 2676 895 2739 ad
910 2678 1029 2760 ipsam,
1152 2688 1238 2747 1805

357 2784 541 2864 Aspectum,
557 2780 652 2859 risus,
667 2802 808 2859 munera,
823 2777 928 2852 rerba,
938 2778 1036 2862 jocos

268 2885 498 2959 Contemncus,
510 2883 654 2944 meritum
670 2895 702 2944 et
717 2904 834 2945 uomen
846 2881 1042 2946 moechantis
1057 2885 1231 2951 abhorret:

355 2984 409 3047 Sic
425 3004 551 3045 omnem
569 2984 697 3066 culpam
712 2994 843 3045 sanctus
858 2980 1007 3044 abhorret
1022 3004 1124 3047 amor.

495 3083 546 3146 Dc
557 3085 668 3164 pratia
682 3091 715 3145 et
728 3083 829 3145 libero
843 3082 990 3145 arbitrio.

268 3192 381 3255 Gratia
396 3190 465 3251 sola
479 3188 567 3271 pium
583 3187 666 3270 parit
679 3198 711 3250 et
725 3185 894 3249 confirmat
908 3206 1062 3262 amorem,

356 3291 419 3355 Cui
434 3290 527 3352 timor
541 3287 673 3350 inservit
687 3289 909 3370 ingenuusque
925 3285 1039 3369 pudor.
1144 3293 1229 3354 1810

268 3394 354 3457 tltud
370 3393 438 3455 soie
453 3390 532 3452 nihil
548 3390 693 3452 meritum
710 3411 774 3451 non
790 3390 900 3453 asserit
915 3408 996 3465 esse,

354 3493 439 3556 Nam
454 3492 550 3565 bona,
567 3510 638 3571 quae
654 3489 799 3565 facimus,
814 3487 943 3570 spiritus
958 3487 1045 3550 intus
1061 3488 1131 3565 alit,

267 3593 358 3659 lstud
375 3593 445 3655 sola
459 3591 562 3668 docet,
580 3590 744 3672 quoniam,
760 3589 786 3651 si
803 3591 902 3669 gratia
916 3588 1012 3665 desit,

353 3693 403 3755 Ad
419 3694 506 3755 bona
520 3703 641 3755 naturoe
656 3692 746 3755 nisus
762 3691 866 3754 inanis
881 3692 950 3767 erit,

266 3795 357 3860 istud
374 3794 442 3856 sola
457 3793 562 3868 docet,
577 3792 663 3876 quod
680 3814 777 3856 causa
792 3792 913 3855 sibuua
928 3792 1038 3855 salutis
1137 3794 1224 3856 1815

350 3894 472 3970 Gratia,
487 3914 557 3976 quae
573 3894 717 3956 meritum
734 3895 881 3978 provehit
896 3904 990 3976 atque
1005 3894 1097 3976 parit.

266 3996 443 4062 Arbitrium
460 3994 563 4058 carnis
577 4007 626 4056 est
641 3994 752 4077 gratia,
767 3995 883 4057 mentis
897 3995 1015 4074 imago,

351 4101 464 4163 Mente
479 4117 551 4161 caro
568 4095 643 4159 vivit
658 4095 886 4178 arbitriumque
903 4095 985 4157 Deo.

265 4204 305 4265 ln
322 4202 446 4263 cineres
461 4218 535 4261 caro
549 4197 640 4279 lapsa
655 4193 745 4266 redit,
762 4194 787 4255 si
803 4194 933 4276 spiritus
948 4194 1043 4269 absit,

352 4302 427 4364 Hoc
442 4299 510 4361 abit
525 4297 556 4359 in
573 4307 683 4358 terram
700 4293 894 4356 destituente
913 4295 995 4357 Deo.
1137 4300 1226 4362 teau

263 4399 435 4464 Vermibus
450 4419 524 4460 esca
539 4395 631 4458 datur
646 4395 761 4454 soeteus
776 4412 851 4454 caro
867 4406 973 4455 mente
990 4407 1120 4470 remota,

349 4501 422 4562 Hoc
438 4498 529 4560 cibus
544 4506 592 4558 est
608 4494 722 4555 soetens
737 4491 898 4555 vermibus
914 4494 1034 4577 absque
1051 4495 1135 4557 Deo.
