2992 5592
525 802 604 848 vrrs
620 802 737 848 saucrr
754 782 882 848 raone
899 804 994 848 casn.
1167 787 1230 849 ³75

272 974 449 1039 paupemm
479 966 511 1018 et
541 957 741 1019 moerentium
772 959 963 1020 consolator.
1019 951 1144 1018 Viderit
1172 957 1226 1040 qni

270 1056 406 1118 voluerit
421 1057 493 1138 quis
508 1059 666 1139 eregioue
682 1057 845 1141 procedat.
892 1059 948 1134 Et,
963 1059 990 1119 si
1001 1077 1098 1120 causa
1109 1068 1225 1140 marty·

269 1177 336 1219 rem
362 1156 451 1233 facit,
478 1158 565 1240 quod
588 1160 667 1220 nulli
693 1169 814 1222 rectum
839 1158 976 1242 sapienti
1003 1159 1142 1222 venitin
1166 1158 1225 1221 du·

268 1259 371 1334 bium,
400 1257 478 1341 quid
500 1258 630 1340 justius,
654 1259 733 1341 quid
756 1260 898 1321 sanctius
928 1280 1025 1322 causa
1046 1258 1136 1342 ejus?
1168 1258 1224 1343 qui

269 1379 347 1442 opes
363 1370 396 1420 et
411 1379 540 1420 omnem
560 1357 674 1420 mundi
690 1359 833 1437 gloriam,
857 1360 912 1442 qui
932 1359 1105 1421 amicorum
1124 1370 1156 1422 et
1174 1370 1222 1423 to·

269 1460 333 1522 tius
349 1459 550 1539 cognationis
574 1460 775 1522 affectionem
796 1481 854 1543 pro
877 1460 995 1522 Christi
1017 1481 1124 1522 amore
1145 1482 1222 1523 con-

269 1569 428 1635 temnens,
453 1561 587 1623 exilium
606 1561 717 1636 subiit,
742 1582 776 1622 se
793 1574 826 1624 et
848 1581 923 1623 suos
946 1581 1056 1624 omnes
1071 1562 1223 1644 exposuit

268 1661 412 1743 periculo
427 1670 461 1724 ct
478 1661 677 1746 paupertati:
700 1662 756 1744 qui
777 1663 926 1745 prolege
949 1661 1013 1725 Dei
1034 1662 1083 1725 sui
1102 1662 1223 1726 tuenda

268 1775 301 1827 et
321 1763 516 1827 evacuandis
538 1764 749 1827 abusionibus
770 1776 909 1826 veterum
929 1777 1134 1847 tyrannorum
1154 1783 1221 1827 cer·

268 1867 474 1949 tacitusque
502 1865 543 1928 ad
569 1875 713 1941 mortem,
736 1887 797 1928 nec
827 1866 860 1927 in
891 1866 1000 1948 aliqua
1028 1864 1222 1946 obligatione

267 1974 437 2049 postquam
454 1966 552 2028 semel
568 1966 678 2049 lapsus
694 1977 744 2029 est
759 1978 872 2047 captus
892 1964 1109 2028 insidiantium
1134 1963 1220 2037 dolo,

268 2065 380 2129 induci
403 2067 508 2150 potuit
528 2077 563 2128 ut
582 2067 704 2152 aliquid
725 2088 833 2129 eorum
857 2088 929 2148 quae
949 2068 1160 2149 exigebantur
1179 2067 1220 2130 ab

267 2167 338 2249 ipso
354 2168 569 2251 promitteret:
594 2168 670 2250 quin
686 2168 718 2228 in
735 2167 885 2229 omnibus
905 2167 1056 2251 adjiceret
1068 2167 1220 2230 honorem

269 2268 332 2332 Dei
357 2278 389 2331 et
418 2268 618 2330 honestatem
648 2269 793 2331 ecclesiae
820 2270 938 2331 salvam
962 2269 1037 2330 lore.
1083 2269 1154 2330 Nec
1180 2266 1222 2331 ad

265 2368 432 2432 modicum
454 2379 487 2431 et
509 2369 600 2452 quasi
625 2370 667 2432 ad
689 2368 799 2432 horam
822 2369 957 2432 credens
979 2379 1012 2433 et
1032 2370 1065 2432 iu
1087 2371 1221 2434 articulo

267 2469 453 2532 tentationis
474 2469 628 2533 recedens
650 2468 784 2532 adversa
803 2491 975 2553 perpessus
990 2480 1055 2534 est:
1080 2471 1137 2535 sed
1153 2472 1221 2535 exi·

266 2571 344 2634 lium
360 2581 391 2633 et
405 2572 552 2633 acerbam
574 2571 836 2654 proscriptionem
858 2572 891 2632 in
912 2591 1030 2632 annum
1051 2573 1223 2656 septimum

266 2674 447 2756 protelavit,
462 2685 549 2736 tanto
570 2672 700 2756 quidem
721 2672 836 2733 virtute
859 2671 1045 2734 constantias
1065 2673 1151 2752 regia
1170 2674 1224 2736 via

267 2772 424 2836 incedens
444 2785 475 2836 et
498 2773 617 2838 Christi
637 2783 669 2835 et
691 2773 909 2855 apostolorum
929 2793 1066 2854 sequens
1088 2774 1221 2855 vestigia

269 2884 305 2936 ut
327 2875 464 2938 invictus
489 2875 558 2959 ejus
582 2875 706 2937 animus
729 2895 791 2936 nec
819 2874 952 2937 fortune
976 2873 1136 2937 saevientis
1161 2875 1221 2937 im·

268 2985 346 3056 petu
368 2990 477 3059 posset
499 2977 614 3057 frangi,
636 2998 696 3039 nec
718 2974 884 3039 blanditiis
906 2975 1050 3039 emolliri.
1098 2976 1163 3039 Sed
1189 2988 1222 3039 et

269 3077 382 3140 ubisit
402 3075 584 3141 immolatus
606 3078 768 3141 advertite.
815 3079 911 3141 Certe
936 3079 970 3140 in
985 3079 1131 3155 ecclesia,
1148 3100 1220 3161 quse

267 3188 366 3261 caput
380 3180 470 3258 regni
486 3189 543 3256 est,
559 3191 591 3242 et
608 3180 741 3241 aliarum
757 3180 899 3242 omnium
914 3190 1014 3242 mater
1032 3179 1063 3240 in
1081 3178 1220 3256 Christo,

267 3299 376 3341 eoram
391 3280 493 3357 altari,
507 3282 590 3342 inter
605 3279 851 3342 consacerdotes
869 3292 900 3342 et
923 3300 1036 3341 manus
1057 3276 1219 3361 religioso-

267 3401 346 3458 rum,
370 3402 451 3464 quos
480 3392 670 3443 armatorum
700 3380 888 3444 carnificum
919 3380 1073 3442 tumultus
1102 3380 1222 3444 iecerat

267 3480 308 3545 ad
323 3482 518 3565 stupendum
534 3494 567 3545 et
587 3483 767 3545 miserabile
784 3482 1000 3564 spectaculum
1021 3502 1219 3546 concurrere.

269 3581 334 3654 Qui
349 3604 424 3665 ergo
446 3584 588 3668 seipsum
612 3604 631 3645 a
652 3585 753 3645 multo
769 3594 911 3664 tempore
934 3581 1125 3646 exhibuerat
1145 3583 1218 3646 hos·

267 3683 343 3746 tiam
367 3685 480 3762 vivam,
511 3697 665 3761 sanctam,
694 3684 765 3746 Deo
788 3685 980 3765 placentem,
1004 3683 1060 3766 qui
1090 3705 1218 3750 caruem

267 3803 355 3845 suam
379 3784 413 3846 in
435 3786 632 3848 orationibus
648 3795 680 3847 et
701 3785 828 3864 vigiliis,
843 3783 977 3868 jejuniis
998 3794 1031 3846 et
1051 3787 1221 3868 asperioris

267 3902 326 3944 usu
349 3884 447 3945 cilicii
473 3885 627 3947 conviciis
651 3895 683 3945 et
706 3884 980 3967 concupiscentiis
1007 3884 1220 3962 crucifixerat,

269 3982 325 4064 qui
346 3981 487 4059 dorsum,
502 3982 590 4066 quod
610 3983 671 4045 soli
692 3984 863 4046 familiares
883 3983 952 4066 ejus
972 3990 1135 4057 noverant,
1150 3995 1219 4046 tan·

270 4101 363 4163 quam
380 4082 502 4146 Christi
526 4085 675 4165 puerulus
697 4105 859 4166 exponere
881 4092 1088 4145 consueverat
1107 4081 1148 4144 ad
1163 4084 1220 4146 lla·

270 4184 362 4263 gella,
384 4183 438 4262 qui
462 4184 580 4246 Christi
603 4204 721 4265 corpus
746 4196 779 4245 et
804 4181 991 4262 sanguinem
1018 4181 1132 4244 solitus
1154 4194 1221 4246 erat

270 4287 381 4349 offerre
403 4284 437 4346 in
453 4286 553 4360 altari,
576 4306 682 4347 coram
698 4285 788 4347 altari
804 4293 979 4366 prostratus
994 4284 1131 4346 effusum
1155 4307 1221 4349 ma·
