2992 5592
145 822 199 868 cu.
217 807 280 886 uc]
509 821 749 867 uursuoorcus.
794 803 823 873 ·‘.·,
847 809 850 816 '
1028 809 1088 866 lto

143 972 1084 1056 abaccidente,eteomagisintelligente,etjubemusseden-

142 1084 192 1137 tem
209 1074 256 1138 rel
277 1075 499 1161 disputantem
519 1097 628 1139 vocare
649 1075 689 1140 ad
705 1096 778 1138 nos:
807 1075 909 1162 palam
933 1075 1082 1161 quoniam

141 1174 264 1239 eundem
286 1179 468 1261 opinantes,
482 1188 513 1239 et
529 1174 699 1241 secundum
721 1198 846 1257 nomen,
860 1191 892 1240 et
910 1175 1081 1241 secundum

139 1276 272 1341 accidens
293 1275 491 1363 significare;
517 1298 594 1361 ergo
613 1276 696 1341 idem
719 1278 1001 1363 (quemadmodum
1018 1278 1083 1342 dic-

140 1390 196 1442 tum
226 1382 292 1460 est)
324 1368 495 1465 tripliciter
525 1381 702 1444 diridutur.
749 1381 865 1466 ltaque
895 1402 956 1443 non
987 1379 1081 1442 modo

138 1478 365 1557 definitionum,
386 1480 441 1545 sed
464 1480 597 1566 generis,
618 1482 751 1567 proprii,
774 1482 955 1553 accidentis,
979 1503 1083 1542 neces·

137 1579 209 1644 saria
222 1595 272 1646 est
295 1582 450 1667 cognitio,
466 1595 529 1646 tam
548 1582 588 1645 ad
611 1583 831 1657 astruendum,
847 1605 942 1667 qnam
966 1580 1006 1644 ad
1030 1578 1083 1641 dc-

137 1682 319 1747 nruendum
347 1707 385 1747 ea
411 1683 618 1770 problemata,
645 1708 719 1770 quac
746 1685 787 1748 do
814 1684 922 1746 eodem
950 1696 1024 1746 sunt
1050 1694 1082 1744 et

136 1781 266 1865 diverso,
288 1787 345 1850 sed
368 1784 447 1849 nihil
469 1787 509 1850 ad
533 1785 718 1851 alterutram
746 1809 873 1871 operam
897 1785 1081 1849 definitione

135 1886 249 1967 utilius,
263 1887 416 1973 qnoniam
439 1887 517 1952 nihil
532 1888 700 1964 efficacius,
718 1887 794 1951 nihil
816 1887 921 1951 notius
936 1899 994 1951 cst.
1042 1887 1079 1948 In

134 1987 167 2053 iis
179 2001 287 2055 autem
302 2002 422 2075 septem
442 1991 666 2071 voluminibus,
677 1993 718 2055 oh
733 1994 910 2056 nhertatem
929 1990 1080 2061 locorum,

135 2108 274 2158 constare
290 2094 463 2157 rectissime
482 2093 602 2158 dicitur
621 2117 743 2159 summa
758 2094 969 2181 Topicorum:
997 2115 1080 2180 quae,

135 2207 166 2258 ut
188 2195 234 2258 ait
260 2192 419 2275 Isidorus,
442 2195 485 2259 sic
506 2193 592 2258 dicta
615 2207 699 2272 sunt,
716 2198 862 2279 qnoniam
886 2192 984 2266 τόπους
1006 2216 1079 2256 con·

133 2297 243 2377 tinent,
265 2295 300 2360 id
326 2310 385 2374 est,
401 2296 503 2373 locos,
526 2298 584 2384 qui
607 2310 678 2361 sunt
699 2314 956 2381 argumentorum
980 2296 1081 2374 sedes,

133 2396 234 2461 fontes
253 2418 415 2473 sensuum,
431 2410 462 2461 et
477 2397 616 2480 origines
634 2396 822 2462 dictionum.
867 2401 930 2462 Pro
944 2423 981 2461 eo
996 2397 1080 2460 enim

132 2498 295 2583 disciplina
311 2498 381 2585 ipsa
395 2498 481 2562 dicta
496 2512 544 2563 est
560 2499 690 2584 Topica,
706 2499 792 2585 quod
810 2498 948 2563 locorum
965 2499 1081 2561 doctri·

135 2621 202 2664 nam
225 2598 316 2663 facit.
362 2598 425 2673 Qui
452 2622 527 2662 vero
552 2598 668 2664 librum
694 2599 780 2663 hunc
804 2599 988 2683 diligentius
1011 2620 1081 2682 per-

137 2712 305 2776 scrutatur,
333 2723 395 2764 non
424 2700 520 2764 modo
551 2700 713 2766 Ciceronis
742 2715 774 2766 et
808 2701 933 2764 Boethii
961 2700 1081 2783 topicos

133 2801 170 2864 ab
193 2801 245 2866 his
269 2814 389 2887 septem
414 2799 627 2866 voluminibus
649 2815 758 2865 erutos
777 2798 1003 2885 deprehendet,
1026 2797 1080 2860 sed

134 2901 246 2969 librum
267 2901 472 2983 divisionum,
490 2904 546 2989 qui
565 2901 753 2989 compendio
771 2903 952 2976 verborum,
968 2913 999 2964 et
1021 2898 1078 2962 ele-

133 3003 238 3091 gantia
254 3025 416 3082 sensuum,
431 3004 514 3069 inter
533 3027 630 3090 opera
647 3004 786 3080 Boethii,
802 3027 874 3089 quae
890 3002 929 3065 ad
947 3001 1081 3086 logicam

133 3117 286 3191 spectant,
302 3103 493 3188 singularem
509 3106 645 3188 gratiam
662 3116 775 3167 nactus
790 3117 847 3165 est.
885 3105 958 3165 Non
974 3123 1082 3164 omnes

134 3219 235 3270 tamen
263 3205 349 3269 locos
374 3203 449 3268 huic
474 3206 563 3290 operi
590 3205 723 3268 insertos
749 3203 896 3276 arbitror,
925 3201 1000 3287 quia
1026 3223 1082 3264 nec

133 3317 317 3391 potuerunt,
329 3325 430 3389 quum
443 3315 475 3368 et
487 3327 505 3367 a
517 3303 687 3382 modernis,
699 3302 798 3389 hujus
809 3315 974 3386 praeeunte
991 3302 1083 3366 bene-

133 3408 212 3481 ficio,
227 3430 321 3493 aeque
336 3406 526 3470 necessarios
540 3404 721 3470 evidentius
733 3405 875 3491 quotidie
890 3404 994 3469 doceri
1011 3429 1083 3469 con-

133 3509 273 3592 spiciam.
318 3511 473 3571 Versatur
495 3508 526 3570 in
548 3507 597 3571 his
616 3507 809 3571 inventionis
827 3508 967 3582 materia,
985 3530 1081 3594 quam

134 3608 242 3674 hilaris
254 3608 413 3673 memoriae
426 3607 611 3672 Willelmus
626 3609 667 3672 de
683 3608 867 3694 campellis,
880 3610 1080 3694 postmodnm

135 3711 378 3776 catalaunensis
393 3711 585 3795 Episcopus,
600 3709 756 3788 definivit,
772 3711 828 3775 etsi
847 3734 908 3775 non
930 3714 1081 3798 perfecte,

134 3833 199 3876 esse
215 3811 377 3876 scientiam
402 3810 579 3897 reperiendi
597 3812 733 3877 medium
759 3814 940 3892 terminum,
954 3829 986 3878 et
1008 3814 1084 3878 inde

132 3911 276 3978 eliciendi
300 3925 539 3998 argumentum.
585 3913 691 3989 Quum
719 3914 804 3977 enirn
833 3914 873 3977 de
896 3914 1084 3979 inhaerentia

134 4013 311 4093 dubitatur,
335 4013 543 4078 necessarium
567 4026 614 4077 est
637 4014 766 4100 aliquod
790 4015 908 4100 inquiri
932 4019 1085 4089 medium,

134 4116 222 4201 cujus
245 4117 431 4180 interventu
451 4113 641 4198 copulentur
663 4128 823 4180 extrema:
857 4139 921 4201 qua
944 4114 1085 4201 specula-

135 4216 226 4295 tione,
243 4240 283 4280 an
299 4215 410 4301 aliqua
424 4214 581 4295 subtilior,
598 4219 645 4280 rel
662 4216 701 4280 ad
723 4239 787 4279 rem
805 4215 959 4278 efficacior
974 4213 1083 4285 fuerit,

135 4337 192 4381 non
212 4316 307 4380 facile
331 4314 478 4378 dixerim.
524 4314 673 4379 Medium
696 4337 771 4379 vero
794 4315 1002 4377 necessarium
1026 4323 1084 4385 est,

136 4417 188 4482 ubi
204 4419 252 4483 vis
267 4415 447 4480 inferentiae
467 4415 498 4478 in
515 4417 656 4481 terminis
677 4415 830 4478 vertitur:
860 4411 982 4475 sienim
1006 4412 1088 4477 inter

174 4539 249 4585 vot.
265 4539 295 4583 V·
624 4536 644 4580 1.
