2992 5592
279 834 348 880 car.
364 819 484 894 xxrra]
641 836 883 885 uarxnoorcus.
1189 830 1230 887 55

277 996 313 1050 ut
343 987 542 1072 quicumque
571 1010 623 1052 eas
651 987 744 1074 plene
774 989 891 1065 norint,
918 989 1017 1055 libros
1046 1013 1165 1068 omues,
1196 1006 1229 1058 et

277 1111 481 1174 quacunque
507 1090 625 1175 scripta
653 1104 738 1162 sunt,
767 1092 890 1176 possint
916 1091 1106 1176 intelligere,
1132 1094 1228 1158 etiam

274 1193 339 1255 sine
354 1191 496 1255 doctore.
543 1193 590 1255 Ut
614 1193 760 1258 enimait
781 1194 1009 1271 Quintilianus,
1025 1218 1090 1259 non
1114 1205 1229 1261 nocent

274 1297 322 1359 lto
358 1297 537 1376 disciplina
568 1317 628 1379 per
656 1299 730 1359 illos
764 1296 927 1377 euntibus,
955 1296 1010 1361 sed
1040 1300 1124 1363 circa
1157 1298 1229 1364 illas

275 1396 484 1461 haerentibus.

273 1610 354 1694 Cap.
369 1615 421 1672 23.
458 1613 538 1683 Qua
562 1613 728 1702 pracipua
752 1619 831 1675 aunt
853 1614 897 1674 ad
918 1617 1106 1678 averoitium
1126 1618 1229 1698 philo·

314 1713 441 1793 sophica,
456 1719 488 1774 et
503 1715 652 1776 uirtutis:
682 1719 713 1776 at
727 1715 813 1795 quod
821 1718 1037 1796 grammatica
1056 1724 1104 1781 est
1118 1739 1227 1782 eorum

306 1812 578 1892 fundumentum.

318 1957 502 2021 Pauamt’ua
528 1969 634 2021 autent
663 1971 737 2021 sunt
764 1958 805 2021 ad
833 1958 931 2022 totius
957 1958 1170 2044 plrilosophioe
1196 1970 1228 2023 et

275 2055 400 2121 virtutis
435 2059 634 2138 exercitium,
664 2059 769 2136 lectio,
799 2059 954 2138 doctrina,
983 2060 1159 2141 meditatio,
1194 2071 1228 2126 et

272 2157 442 2224 assiduitas
453 2157 567 2246 operis.
601 2163 707 2225 Lectio
717 2184 790 2224 vero
801 2162 991 2248 scriptorum
1003 2164 1226 2249 praejacentem

273 2256 371 2323 habet
406 2262 588 2327 materiam:
624 2265 771 2327 doctrina
807 2278 838 2327 et
875 2264 1001 2351 scriptis
1035 2270 1227 2352 plerumque

274 2360 441 2440 incumbit,
467 2377 498 2427 et
525 2362 686 2426 interdum
710 2363 748 2426 ad
778 2387 839 2426 nou
867 2366 985 2451 scripta
1009 2366 1226 2451 progreditur,

272 2487 346 2550 quae
363 2478 467 2529 tamen
485 2465 515 2528 iu
532 2465 652 2528 arcanis
669 2466 828 2529 memoriae
844 2466 1004 2530 recondita
1019 2483 1104 2548 suut,
1115 2481 1176 2533 ortt
1190 2474 1226 2533 in

270 2573 444 2652 proesentls
474 2568 518 2630 rei
549 2566 759 2652 intelligentia
788 2570 936 2633 eminent.
982 2571 1030 2631 At
1060 2570 1225 2634 meditatio

272 2671 366 2734 etiam
389 2669 429 2733 ad
451 2669 559 2754 ignota
583 2670 796 2755 protenditur,
813 2684 844 2734 et
866 2693 969 2756 usque
990 2668 1030 2731 ad
1053 2670 1227 2756 incompre-

271 2770 438 2835 hensibilia
448 2794 532 2856 saepe
543 2771 675 2857 seipsam
686 2772 794 2856 erigit:
815 2783 922 2835 ettam
933 2771 1099 2835 manifesta
1108 2793 1227 2854 rerum,

273 2897 369 2960 quam
379 2873 498 2949 abdita,
506 2873 650 2938 rimatur.
670 2872 1227 2959 Quartum‚operisscilicetassidui-

276 2985 337 3053 tas,
360 2974 419 3040 etsi
444 2999 462 3038 a
486 2975 709 3062 praeexistente
732 2976 912 3060 cognitione
936 2975 1104 3050 formetur,
1127 2975 1226 3038 scien·

275 3077 417 3167 tiamque
431 3078 601 3158 desideret,
616 3078 682 3142 vias
699 3093 803 3142 tamen
820 3090 911 3162 parat
927 3075 1162 3157 intelligentiae:
1190 3098 1228 3139 eo

275 3177 364 3261 quod
379 3178 555 3243 intellectus
576 3179 740 3242 bonusest
764 3177 913 3241 omnibus
929 3174 1119 3238 facientibus
1141 3197 1225 3240 eum.

273 3279 319 3342 Et
329 3299 487 3364 praecones
497 3279 638 3343 veritatis
649 3293 685 3344 ut
697 3276 851 3363 scriptum
862 3288 919 3350 est,
930 3275 1228 3341 Annunoiuuerrmt

272 3402 368 3466 opero
397 3383 473 3459 Dei,
503 3389 534 3445 et
550 3383 649 3468 sacta
679 3383 751 3462 ejus
779 3381 1019 3443 intelleverunt.
1064 3377 1225 3442 Caeterum

272 3483 485 3570 operationem
509 3484 697 3569 cultumque
722 3481 861 3556 virtutis,
883 3477 1013 3542 scientia
1036 3477 1225 3544 naturaliter

272 3585 443 3671 praecedit:
471 3585 671 3670 nequeenim
694 3583 797 3647 virtus
816 3584 915 3646 currit
936 3579 966 3643 in
983 3580 1151 3658 incertum,
1168 3596 1225 3646 aut

271 3692 303 3754 in
321 3711 439 3776 pugna,
456 3712 552 3774 quam
574 3699 699 3751 exercet
722 3709 795 3750 cum
821 3685 915 3758 vitiis,
939 3705 1042 3746 aerem
1066 3684 1224 3764 verberat,

270 3795 326 3857 aad
344 3795 429 3857 videt
443 3813 506 3875 quo
528 3792 641 3863 tendit,
657 3796 688 3852 et
702 3793 739 3853 in
761 3788 845 3869 quod
858 3788 970 3868 dirigit
992 3807 1125 3851 arcum:
1155 3789 1226 3852 Noc

261 3898 388 3977 ¹possim
407 3914 513 3957 corvos
533 3894 680 3972 seqzritur
701 3896 845 3971 testaque
866 3890 1004 3969 lutoque.
1051 3889 1098 3952 At
1123 3887 1225 3970 lecti0,

268 3996 423 4072 doctrina,
439 4008 470 4058 et
488 3992 663 4068 meditatio,
680 3990 840 4056 scientiam
859 3988 997 4075 pariunt.
1039 3989 1136 4053 Unde
1151 4014 1225 4054 con·

268 4112 329 4163 stat
354 4098 440 4185 quod
467 4094 696 4171 Granruratica,
721 4117 795 4179 quae
818 4093 950 4156 istorum
977 4090 1223 4155 fundamentum

268 4217 315 4266 est
339 4216 370 4266 et
396 4201 501 4277 radix,
523 4197 760 4284 quodammodo
786 4207 955 4259 sementem
978 4193 1056 4275 jacit
1079 4194 1168 4278 quasi
1189 4195 1221 4257 in

267 4304 360 4370 sulcis
386 4316 525 4377 naturae,
551 4301 655 4386 gratia
681 4313 785 4364 tamen
814 4309 994 4382 praeeunte:
1030 4314 1112 4379 quae,
1140 4295 1165 4356 si
1192 4297 1220 4359 ei

265 4407 466 4494 cooperatrix
487 4425 618 4490 quoquc
639 4401 743 4486 gratia
759 4399 896 4477 affuerit,
912 4397 943 4459 in
965 4394 1073 4459 solidor
1094 4395 1222 4463 virtutis
