2992 5592
278 809 345 854 cae.
361 791 433 871 xa]
644 807 884 853 uarxnoorcus.
1188 797 1227 854 41

278 973 381 1024 turam
412 956 600 1044 hujusmodi
634 961 767 1022 animus
799 959 1001 1023 obsurdescit.
1061 960 1123 1026 Sed
1154 960 1228 1046 quis

278 1058 407 1123 auditus
441 1071 528 1122 recte
562 1058 721 1123 examinat
750 1081 798 1137 ea,
827 1057 868 1122 ad
903 1081 976 1144 quae
1007 1059 1123 1123 surdus
1152 1065 1227 1126 est?

278 1159 391 1221 Nonne
415 1179 479 1220 vox
502 1156 584 1221 lassa
605 1170 664 1232 est,
688 1181 762 1243 quae
784 1159 816 1221 in
839 1178 949 1222 aurem
970 1158 1099 1222 surdam
1123 1159 1227 1225 effun-

276 1259 388 1322 ditur?
428 1258 512 1334 Quia
534 1280 610 1343 ergo
633 1257 825 1336 intellectus,
847 1258 930 1325 sicut
952 1263 1075 1324 animae
1096 1283 1227 1342 manus,

276 1360 317 1424 ita
340 1359 579 1446 quodammodo
600 1359 686 1422 auris
707 1373 773 1425 est:
802 1360 882 1425 nihil
904 1361 1032 1426 omnino
1054 1363 1095 1426 ad
1117 1387 1227 1428 vocem

276 1461 433 1547 concepit,
460 1462 558 1540 cujus
586 1463 633 1524 rei
662 1460 905 1546 intelligentiam
934 1463 1117 1529 absurditas
1146 1486 1228 1550 prae·

275 1561 378 1626 clusit.
425 1563 580 1626 Attamen
600 1561 777 1626 absurdum
800 1564 962 1628 interdum
978 1564 1119 1640 ducitur,
1134 1568 1228 1652 cujus

274 1677 332 1741 est,
359 1686 422 1748 pro
451 1673 598 1747 tempore,
625 1663 762 1728 insolens
787 1678 820 1729 et
845 1665 1030 1752 infrequens
1057 1688 1143 1743 usus,
1170 1691 1227 1732 nec

276 1782 380 1832 tamen
404 1789 638 1854 usquequaque
658 1767 834 1831 absurdum
856 1780 923 1831 est:
947 1768 1028 1832 sicut
1047 1772 1164 1833 mulier
1177 1773 1228 1833 in-

267 1873 387 1954 formia
396 1873 478 1932 male
487 1869 620 1954 quidem
629 1870 777 1947 formata,
788 1891 850 1932 non
864 1881 967 1932 tamen
977 1870 1106 1933 omnino
1117 1892 1227 1936 carens

275 1970 389 2034 l'orma:
414 1983 445 2034 et
466 1970 547 2035 sicut
571 1970 601 2032 in
624 1969 734 2049 literis,
756 1970 902 2056 quaedam
927 1983 1036 2051 mutae,
1057 1994 1119 2035 non
1139 1971 1224 2058 quod
1311 1968 1328 1983 ’

275 2072 404 2137 omnino
427 2070 517 2147 nihil,
541 2072 596 2136 sed
619 2071 708 2158 quod
731 2071 865 2136 aliarum
889 2084 1035 2158 respectu
1058 2073 1225 2138 minimum

274 2184 394 2239 sonent.
441 2174 524 2237 Haec
548 2186 656 2239 autem
682 2173 830 2258 adjectio,
853 2173 982 2258 penitus
1010 2173 1139 2258 quidem
1169 2175 1225 2238 ab·

274 2277 371 2341 surda
392 2290 452 2350 est,
468 2297 532 2340 uon
557 2276 659 2340 solum
682 2274 773 2352 falso,
789 2289 846 2339 aut
868 2275 950 2339 male
972 2299 1085 2340 sonans
1099 2277 1132 2341 in
1146 2299 1224 2341 aure

274 2378 432 2442 audientis
449 2375 540 2456 (falsa
555 2377 637 2440 enim
654 2398 715 2439 non
733 2375 839 2439 omnia
857 2377 996 2442 absurda
1010 2383 1097 2462 sunt)
1113 2379 1172 2443 etsi
1186 2402 1224 2442 ea

275 2481 339 2544 veri
355 2479 553 2543 examinator
571 2478 728 2564 reprobet,
745 2491 777 2542 et
797 2477 939 2563 repellat.
984 2480 1132 2544 Absurda
1147 2502 1223 2562 quo-

273 2604 332 2664 que
357 2585 516 2646 dicuntur
539 2584 671 2663 singula
695 2604 756 2664 pro
771 2583 898 2661 judicio
922 2581 1123 2658 facultatum,
1150 2604 1222 2666 quae

274 2683 431 2747 dictorum
447 2683 645 2747 factorumve
665 2683 852 2768 qualitatem
869 2683 1061 2747 examinant.
1107 2683 1222 2745 Gram-

273 2786 387 2849 matica
414 2786 498 2849 enim
526 2784 697 2849 absurdam
724 2784 822 2847 habet
845 2784 1106 2870 incompetentem
1128 2783 1223 2869 junc-

275 2897 377 2951 turam
400 2886 595 2949 dictionum:
620 2884 674 2949 sed
695 2886 734 2948 ad
759 2885 960 2949 examinandi
980 2886 1046 2948 veri
1063 2885 1221 2971 judicium

273 3010 334 3051 non
359 2989 488 3074 aspirat.
536 2989 661 3064 Caesar,
687 2988 719 3050 in
749 2987 831 3051 libro
857 2987 897 3050 de
923 2986 1078 3072 analogia,
1107 2987 1221 3050 Gram-

273 3086 407 3150 maticus
430 3085 557 3172 quidem
585 3098 644 3162 est,
670 3097 702 3148 et
728 3087 914 3150 evitandum
943 3106 1010 3149 aare
1034 3087 1221 3162 denuntiat,

274 3189 426 3269 quicquid
449 3190 593 3252 auditori
615 3189 723 3269 perito
741 3191 847 3268 potest
868 3205 934 3249 ease
958 3188 1153 3248 absurdum.-
1184 3195 1222 3251 ut

272 3297 395 3366 nauta,
411 3286 525 3374 inquit,
544 3292 712 3371 scopulum
722 3289 883 3370 fugiunt,
899 3290 945 3351 sic
954 3288 1154 3372 fitqiendum
1174 3296 1221 3352 est

270 3393 456 3474 inst-aqueus
471 3399 568 3473 atque
581 3393 722 3455 incolens
735 3390 876 3453 verbum.
916 3387 1090 3452 Dialectica
1101 3402 1221 3469 autem,

270 3490 303 3554 id
319 3491 489 3556 dumtaxat
500 3504 655 3576 acceptat,
668 3491 758 3575 quod
774 3510 883 3553 verum
899 3500 957 3570 est,
967 3502 1024 3553 aut
1040 3490 1219 3565 verisimile,

270 3605 301 3656 et
315 3592 471 3678 quicquid
488 3592 529 3656 ab
552 3592 602 3655 his
616 3592 743 3678 longius
766 3590 907 3665 dissidet,
924 3590 1013 3655 ducit
1033 3591 1218 3657 absurdum.

271 3696 385 3778 Neque
400 3696 484 3757 euim
501 3693 589 3756 utilis
603 3706 660 3757 aut
681 3692 804 3757 honesti
824 3692 918 3756 finem
935 3692 1090 3757 attendit:
1117 3698 1221 3759 civilis

269 3802 375 3858 nutem
391 3797 526 3859 edentia
542 3797 639 3859 utilia
654 3794 716 3859 ista
731 3794 872 3868 metitur,
886 3807 1094 3880 versaturque
1109 3795 1141 3858 in
1157 3796 1221 3860 fine

265 3893 356 3980 justi,
371 3908 429 3960 aut
444 3895 583 3962 honesti:
607 3910 639 3962 et
653 3919 726 3982 quae
736 3920 755 3959 a
765 3898 840 3983 jure
851 3896 934 3959 bono
945 3905 977 3958 et
988 3919 1082 3983 aequo
1094 3898 1220 3985 longius

268 3998 385 4062 absunt
403 4000 490 4076 (vera
500 4013 556 4062 aut
572 3998 651 4063 falsa
665 3999 745 4082 sint)
759 4020 851 4083 aeque
862 3998 1026 4063 abhorret:
1043 4000 1146 4083 palam
1159 4002 1219 4065 erit

269 4098 328 4164 hoc
349 4100 430 4165 etin
452 4101 574 4164 caeteris
589 4100 774 4186 disciplinis.
820 4099 883 4164 Sed
898 4123 983 4165 nunc
999 4103 1106 4165 Graeci
1125 4102 1220 4165 inter-

267 4203 364 4285 pretis
388 4205 490 4266 nostri
516 4202 668 4287 procedat
690 4202 882 4288 explanatio.
927 4206 1033 4266 Homo
1054 4212 1101 4266 est
1122 4205 1221 4264 ratio·

266 4308 373 4369 nolis:
410 4304 508 4370 rebus
533 4303 741 4369 existentibus
767 4316 801 4369 ut
830 4326 913 4368 nunc
939 4316 1025 4374 sunt,
1049 4303 1117 4364 hac
1138 4324 1219 4386 quo-

269 4403 441 4471 dammodo
462 4407 635 4469 neccssaria
653 4419 719 4470 est:
743 4410 833 4470 homo
847 4415 894 4469 est
908 4407 1048 4478 risibilia,
1064 4404 1132 4467 lraec
1148 4428 1220 4490 pro-
