2992 5592
424 811 505 862 'vrrs
520 811 634 862 aanor}
652 809 810 862 assuant.
1030 804 1097 862 v{felt

137 968 311 1033 confessori
327 990 383 1032 suo
404 977 516 1031 natura
531 967 657 1052 lapidea
674 965 863 1031 mirabiliter
877 965 990 1031 cedere
1007 966 1095 1030 vide-

141 1080 238 1136 retur.
285 1069 347 1137 His
368 1067 482 1131 diebus
504 1066 687 1153 capellanus
705 1067 834 1154 qnidam
853 1068 992 1154 episcopi
1017 1067 1096 1133 Rof-

140 1171 247 1250 fensis,
264 1169 457 1258 professione
472 1167 656 1250 monachus,
671 1191 795 1233 morum
819 1170 968 1255 opinione
983 1170 1094 1236 landa·

141 1273 223 1350 bilis,
243 1274 403 1339 Robertus
419 1271 560 1352 nomine,
575 1294 631 1356 per
650 1282 781 1356 pontem
800 1271 978 1337 Lundoniae
993 1287 1094 1339 trana-

138 1372 217 1449 iens,
241 1374 328 1438 beati
353 1372 450 1459 patris
482 1372 627 1437 Anaelmi
657 1371 868 1458 patrocinium
898 1373 958 1437 sibi
984 1374 1093 1440 adesse

139 1475 237 1539 sensit
259 1487 292 1539 et
312 1474 439 1560 gavisus
461 1486 517 1539 est.
564 1473 676 1561 Equus
698 1475 796 1550 enim,
811 1476 867 1561 qni
889 1474 1045 1541 famulum
1061 1491 1094 1542 et

139 1575 295 1640 sarcinam
310 1576 485 1653 deferebat,
497 1576 565 1640 sine
579 1576 735 1641 serviente
747 1577 877 1663 quidem
893 1578 949 1642 sed
963 1589 1095 1643 onustus

138 1677 279 1757 sarcinis,
295 1679 410 1742 cecidit
431 1678 464 1741 in
488 1678 683 1744 'l'amensem
703 1680 847 1747 fluvium.
884 1681 977 1747 Licet
996 1682 1094 1766 igitur

139 1802 234 1867 anper
248 1781 418 1847 amissione
437 1781 512 1867 equi
526 1794 560 1846 et
578 1804 684 1847 rernm
701 1783 821 1847 moveri
841 1783 939 1869 possit
952 1806 1092 1872 pauper:

140 1883 220 1948 nihil
234 1895 340 1948 tamen
357 1883 561 1949 exulcerabat
577 1885 721 1950 animum
741 1885 810 1971 ejus
826 1885 885 1951 nisi
901 1909 982 1952 unus
997 1886 1094 1951 libro·

138 2008 210 2052 rum
226 1987 384 2068 Anaelmi,
398 2009 495 2073 quem
511 1987 544 2051 in
559 1987 724 2053 sarcinulis
741 1989 879 2076 positum
895 1990 1047 2055 credebat
1061 2003 1095 2055 et

137 2089 269 2174 lugebat
292 2089 454 2154 amissum.
502 2089 566 2156 Sed
593 2111 683 2154 secus
712 2090 838 2156 accidit.
876 2097 961 2158 Nem
991 2113 1092 2179 quum

136 2191 254 2277 aoepins
268 2190 414 2256 invocato
430 2205 518 2275 patre
536 2191 690 2256 Anaelmo
708 2192 903 2277 pervenisset
917 2193 959 2258 ad
973 2193 1072 2280 ripam
1084 2218 1093 2269 ς

138 2314 269 2381 equum,
293 2294 464 2358 manticam
488 2316 560 2358 cnm
579 2294 755 2375 sarcinulis,
773 2295 890 2360 librum
912 2308 1094 2384 quoquest

138 2395 284 2459 universa
295 2395 526 2481 qnaeamiserat
538 2396 778 2463 illaesainvenit.
804 2398 1094 2463 PraetereaArnnl·

137 2496 187 2562 fus
212 2519 318 2561 comes
341 2497 424 2561 filius
450 2497 567 2582 Rogeri
590 2499 630 2562 de
653 2499 906 2584 Moutegwyneri
930 2499 987 2585 [de
1012 2505 1095 2566 Nor·
1170 2586 1174 2590 Ι

138 2599 269 2663 mannia
289 2599 441 2684 Angliam
466 2601 587 2680 rediit]
619 2604 664 2663 Et
687 2601 941 2686 primoquidem
965 2624 1094 2687 prospe·

135 2712 226 2766 rante
243 2723 369 2765 cursum
382 2710 477 2765 vento
491 2700 524 2763 in
537 2700 680 2763 medium
696 2700 785 2785 ponti
797 2699 921 2765 delatus
935 2715 993 2769 est.
1018 2703 1093 2778 Quo

136 2803 318 2878 deficiente,
330 2802 466 2884 remiges
480 2800 678 2886 affliguntur;
702 2800 817 2866 exirrde
833 2813 901 2866 toto
915 2802 1013 2868 biduo
1022 2805 1092 2889 jam

137 2903 360 2969 deficientibus
371 2901 540 2978 alimentis,
553 2901 752 2987 naufragium
764 2902 929 2988 patiuntur
940 2905 981 2970 ab
995 2905 1094 2972 iusta·

138 3005 260 3071 bilitate
272 3017 306 3068 et
320 3026 426 3068 errore
439 3015 616 3070 ventorum.
655 3003 804 3069 Tandem
821 3027 894 3071 vero
908 3007 949 3071 ad
961 3008 1091 3075 beatum

137 3109 327 3175 Anselmum
346 3128 514 3170 conversus
533 3129 639 3171 comes
659 3107 759 3171 socios
778 3107 899 3191 rogavit
918 3123 952 3174 et
969 3123 1092 3188 nantas,

136 3222 173 3277 ut
187 3212 283 3276 beato
300 3209 460 3290 Anaelmo,
474 3233 572 3296 quem
588 3221 752 3287 noverant,
769 3210 857 3273 etde
872 3211 963 3297 cnjus
976 3214 1091 3278 sancti-

136 3324 202 3376 tate
212 3332 276 3374 non
288 3309 490 3392 dubitabant,
498 3322 598 3375 totam
610 3311 847 3375 committerent
858 3333 981 3379 navem.
1006 3316 1091 3380 Nam

136 3413 192 3501 qui
222 3435 349 3497 semper
377 3412 554 3477 misericors
584 3412 698 3489 extitit,
728 3413 807 3477 dum
837 3417 987 3480 mortales
1015 3439 1090 3483 enm

137 3514 335 3579 retardarent
349 3515 483 3591 exuviae,
499 3537 562 3578 non
583 3514 768 3579 defuturum
784 3515 979 3600 supplicibus
999 3520 1093 3605 polli-

137 3627 244 3695 cetur3
271 3638 371 3704 quum
395 3639 497 3701 nuper
512 3622 585 3683 Deo
597 3617 728 3702 junctus
745 3629 779 3681 et
793 3617 882 3681 nullo
899 3622 1100 3707 praepeditns·

135 3717 299 3782 obstaculo
314 3718 458 3803 ampliori
474 3719 595 3782 ferveat
610 3718 752 3784 caritate.
798 3723 1010 3788 Assenserunt
1024 3746 1094 3790 om·

136 3840 210 3895 nes;
234 3831 267 3883 et
282 3820 332 3883 vix
348 3820 408 3884 sub
423 3820 483 3884 hoc
499 3835 572 3885 voto
585 3820 790 3885 Dominicam
804 3821 990 3890 Orationem
1006 3849 1094 3890 com·

135 3919 321 4006 pleverant;
352 3935 385 3985 et
403 3943 478 3986 ecce
494 3921 620 3987 nebulis
642 3922 810 4008 dissipatis,
826 3942 921 3989 vento
943 3948 1092 4010 prospero

135 4043 200 4108 qno
229 4022 395 4087 voluerant
424 4025 456 4087 in
488 4025 638 4108 Angliam
669 4025 866 4089 deferuntur.
917 4025 1091 4091 Venientes

137 4121 257 4186 curiam
272 4123 363 4206 regis,
374 4124 440 4208 regi
451 4135 484 4187 et
495 4123 565 4187 aliis
575 4125 653 4210 qnid
670 4124 731 4188 sibi
743 4121 925 4186 acciderant
934 4123 1091 4203 referunt;

135 4235 170 4288 et
180 4223 213 4288 in
225 4224 353 4289 laudem
365 4225 485 4310 egregii
501 4224 685 4290 confessoris
695 4221 839 4288 omnium
852 4223 1090 4292 exaudientium

135 4345 190 4388 ora
204 4324 360 4390 laxantur.
407 4325 457 4390 Ad
473 4326 541 4388 haec
559 4347 642 4387 nnus
659 4321 936 4389 cantuariensium
957 4326 1090 4395 fratrum

137 4424 176 4489 de
202 4438 287 4490 statu
314 4424 411 4509 patris
438 4423 580 4491 Anaelmi
605 4422 698 4487 valde
721 4421 884 4500 sollicitus,
913 4425 1089 4498 Dominum

180 4547 253 4592 vor..
276 4545 305 4588 ν.
605 4543 659 4586 aa
