<?xml version="1.0" encoding="UTF-8"?>
<!DOCTYPE html PUBLIC "-//W3C//DTD XHTML 1.0 Transitional//EN"
    "http://www.w3.org/TR/xhtml1/DTD/xhtml1-transitional.dtd">
<html xmlns="http://www.w3.org/1999/xhtml" xml:lang="en" lang="en">
 <head>
  <title>
</title>
<meta http-equiv="Content-Type" content="text/html;charset=utf-8" />
  <meta name='ocr-system' content='tesseract 3.04.00' />
  <meta name='ocr-capabilities' content='ocr_page ocr_carea ocr_par ocr_line ocrx_word'/>
</head>
<body>
  <div class='ocr_page' id='page_1' title='image "./joannissaresber15johngoog_0098.png"; bbox 0 0 2992 5592; ppageno 0'>
   <div class='ocr_carea' id='block_1_1' title="bbox 386 791 1337 871">
    <p class='ocr_par' dir='ltr' id='par_1_1' title="bbox 386 791 1337 871">
     <span class='ocr_line' id='line_1_1' title="bbox 386 791 1337 871; baseline -0.011 -8"><span class='ocrx_word' id='word_1_1' title='bbox 386 804 426 863; x_wconf 81' lang='grc'><strong>84</strong></span> <span class='ocrx_word' id='word_1_2' title='bbox 656 814 792 859; x_wconf 73' lang='lat' dir='ltr'><strong>Joauurs</strong></span> <span class='ocrx_word' id='word_1_3' title='bbox 808 811 1086 857; x_wconf 77' lang='lat' dir='ltr'><strong>sannsnunrnusrs</strong></span> <span class='ocrx_word' id='word_1_4' title='bbox 1208 791 1290 871; x_wconf 78' lang='lat' dir='ltr'><strong>[sin.</strong></span> <span class='ocrx_word' id='word_1_5' title='bbox 1306 811 1337 854; x_wconf 89' lang='lat' dir='ltr'><strong>n.</strong></span> 
     </span>
    </p>
   </div>
   <div class='ocr_carea' id='block_1_2' title="bbox 390 958 1357 4492">
    <p class='ocr_par' dir='ltr' id='par_1_2' title="bbox 390 958 1357 4492">
     <span class='ocr_line' id='line_1_2' title="bbox 391 958 1340 1051; baseline -0.009 -20"><span class='ocrx_word' id='word_1_6' title='bbox 391 966 596 1051; x_wconf 82' lang='lat' dir='ltr'><strong>telligendum</strong></span> <span class='ocrx_word' id='word_1_7' title='bbox 620 977 651 1027; x_wconf 91' lang='lat' dir='ltr'><strong>et</strong></span> <span class='ocrx_word' id='word_1_8' title='bbox 674 963 866 1039; x_wconf 89' lang='lat' dir='ltr'><strong>docendum,</strong></span> <span class='ocrx_word' id='word_1_9' title='bbox 881 961 968 1048; x_wconf 93' lang='lat' dir='ltr'><strong>quod</strong></span> <span class='ocrx_word' id='word_1_10' title='bbox 990 958 1254 1046; x_wconf 78' lang='lat' dir='ltr'><strong>philosophantis</strong></span> <span class='ocrx_word' id='word_1_11' title='bbox 1274 982 1340 1046; x_wconf 80' lang='lat' dir='ltr'><strong>pro</strong></span> 
     </span>
     <span class='ocr_line' id='line_1_3' title="bbox 390 1061 1339 1156; baseline -0.008 -24"><span class='ocrx_word' id='word_1_12' title='bbox 390 1069 529 1156; x_wconf 88' lang='lat' dir='ltr'><strong>positum</strong></span> <span class='ocrx_word' id='word_1_13' title='bbox 556 1066 690 1149; x_wconf 77' lang='lat' dir='ltr'>expetit,</span> <span class='ocrx_word' id='word_1_14' title='bbox 716 1079 748 1131; x_wconf 90' lang='lat' dir='ltr'><strong>et</strong></span> <span class='ocrx_word' id='word_1_15' title='bbox 775 1064 913 1128; x_wconf 86' lang='lat' dir='ltr'><strong>officium</strong></span> <span class='ocrx_word' id='word_1_16' title='bbox 940 1061 1050 1147; x_wconf 86' lang='lat' dir='ltr'><strong>exigit.</strong></span> <span class='ocrx_word' id='word_1_17' title='bbox 1098 1063 1209 1140; x_wconf 84' lang='lat' dir='ltr'><strong>Quum</strong></span> <span class='ocrx_word' id='word_1_18' title='bbox 1238 1077 1339 1126; x_wconf 87' lang='lat' dir='ltr'><strong>autem</strong></span> 
     </span>
     <span class='ocr_line' id='line_1_4' title="bbox 390 1163 1341 1254; baseline -0.007 -21"><span class='ocrx_word' id='word_1_19' title='bbox 390 1169 554 1233; x_wconf 88' lang='lat' dir='ltr'><strong>dialectica</strong></span> <span class='ocrx_word' id='word_1_20' title='bbox 581 1168 767 1254; x_wconf 77' lang='lat' dir='ltr'><strong>inquisitiva</strong></span> <span class='ocrx_word' id='word_1_21' title='bbox 796 1167 848 1244; x_wconf 89' lang='lat' dir='ltr'><strong>sit,</strong></span> <span class='ocrx_word' id='word_1_22' title='bbox 876 1165 916 1229; x_wconf 88' lang='lat' dir='ltr'><strong>ad</strong></span> <span class='ocrx_word' id='word_1_23' title='bbox 946 1163 1089 1228; x_wconf 89' lang='lat' dir='ltr'><strong>omnium</strong></span> <span class='ocrx_word' id='word_1_24' title='bbox 1121 1163 1341 1230; x_wconf 85' lang='lat' dir='ltr'><strong>methodorum</strong></span> 
     </span>
     <span class='ocr_line' id='line_1_5' title="bbox 390 1266 1344 1357; baseline -0.006 -23"><span class='ocrx_word' id='word_1_25' title='bbox 390 1271 546 1357; x_wconf 86' lang='lat' dir='ltr'><strong>principia</strong></span> <span class='ocrx_word' id='word_1_26' title='bbox 571 1270 651 1333; x_wconf 89' lang='lat' dir='ltr'><strong>viarn</strong></span> <span class='ocrx_word' id='word_1_27' title='bbox 680 1270 792 1334; x_wconf 92' lang='lat' dir='ltr'><strong>habet:</strong></span> <span class='ocrx_word' id='word_1_28' title='bbox 830 1266 990 1352; x_wconf 90' lang='lat' dir='ltr'><strong>siquidem</strong></span> <span class='ocrx_word' id='word_1_29' title='bbox 1015 1288 1067 1329; x_wconf 89' lang='lat' dir='ltr'><strong>ars</strong></span> <span class='ocrx_word' id='word_1_30' title='bbox 1093 1266 1250 1353; x_wconf 83' lang='lat' dir='ltr'><strong>quoelibet</strong></span> <span class='ocrx_word' id='word_1_31' title='bbox 1273 1287 1344 1329; x_wconf 86' lang='lat' dir='ltr'><strong>suas</strong></span> 
     </span>
     <span class='ocr_line' id='line_1_6' title="bbox 393 1365 1344 1456; baseline -0.011 -19"><span class='ocrx_word' id='word_1_32' title='bbox 393 1373 489 1437; x_wconf 93' lang='lat' dir='ltr'><strong>habet</strong></span> <span class='ocrx_word' id='word_1_33' title='bbox 512 1369 687 1449; x_wconf 83' lang='lat' dir='ltr'><strong>methodos,</strong></span> <span class='ocrx_word' id='word_1_34' title='bbox 701 1393 782 1456; x_wconf 86' lang='lat' dir='ltr'><strong>quas</strong></span> <span class='ocrx_word' id='word_1_35' title='bbox 803 1392 859 1432; x_wconf 89' lang='lat' dir='ltr'><strong>nos</strong></span> <span class='ocrx_word' id='word_1_36' title='bbox 879 1367 1058 1453; x_wconf 82' lang='lat' dir='ltr'><strong>figuraliter</strong></span> <span class='ocrx_word' id='word_1_37' title='bbox 1079 1367 1278 1432; x_wconf 75' lang='lat' dir='ltr'><strong>adviationes</strong></span> <span class='ocrx_word' id='word_1_38' title='bbox 1297 1365 1344 1429; x_wconf 84' lang='lat' dir='ltr'><strong>vel</strong></span> 
     </span>
     <span class='ocr_line' id='line_1_7' title="bbox 395 1465 1344 1558; baseline -0.007 -21"><span class='ocrx_word' id='word_1_39' title='bbox 395 1473 502 1538; x_wconf 88' lang='lat' dir='ltr'><strong>aditus</strong></span> <span class='ocrx_word' id='word_1_40' title='bbox 517 1494 685 1558; x_wconf 89' lang='lat' dir='ltr'><strong>possumus</strong></span> <span class='ocrx_word' id='word_1_41' title='bbox 699 1468 914 1555; x_wconf 89' lang='lat' dir='ltr'><strong>interpretari,</strong></span> <span class='ocrx_word' id='word_1_42' title='bbox 930 1480 962 1531; x_wconf 87' lang='lat' dir='ltr'><strong>et</strong></span> <span class='ocrx_word' id='word_1_43' title='bbox 982 1465 1182 1552; x_wconf 81' lang='lat' dir='ltr'><strong>inquisitioni</strong></span> <span class='ocrx_word' id='word_1_44' title='bbox 1206 1465 1344 1531; x_wconf 81' lang='lat' dir='ltr'><strong>succedit</strong></span> 
     </span>
     <span class='ocr_line' id='line_1_8' title="bbox 395 1569 1345 1659; baseline -0.007 -21"><span class='ocrx_word' id='word_1_45' title='bbox 395 1574 546 1648; x_wconf 83' lang='lat' dir='ltr'><strong>inventio,</strong></span> <span class='ocrx_word' id='word_1_46' title='bbox 563 1597 619 1637; x_wconf 92' lang='lat' dir='ltr'><strong>nec</strong></span> <span class='ocrx_word' id='word_1_47' title='bbox 634 1571 844 1659; x_wconf 83' lang='lat' dir='ltr'><strong>apprehendit</strong></span> <span class='ocrx_word' id='word_1_48' title='bbox 866 1569 1005 1635; x_wconf 70' lang='lat' dir='ltr'><strong>scientiae</strong></span> <span class='ocrx_word' id='word_1_49' title='bbox 1020 1569 1177 1645; x_wconf 87' lang='lat' dir='ltr'><strong>fructum,</strong></span> <span class='ocrx_word' id='word_1_50' title='bbox 1192 1569 1245 1633; x_wconf 92' lang='lat' dir='ltr'><strong>cui</strong></span> <span class='ocrx_word' id='word_1_51' title='bbox 1261 1591 1345 1655; x_wconf 80' lang='lat' dir='ltr'><strong>quae-</strong></span> 
     </span>
     <span class='ocr_line' id='line_1_9' title="bbox 397 1669 1345 1761; baseline -0.006 -22"><span class='ocrx_word' id='word_1_52' title='bbox 397 1675 488 1739; x_wconf 91' lang='lat' dir='ltr'><strong>rendi</strong></span> <span class='ocrx_word' id='word_1_53' title='bbox 513 1674 657 1761; x_wconf 86' lang='lat' dir='ltr'><strong>displicet</strong></span> <span class='ocrx_word' id='word_1_54' title='bbox 681 1672 834 1735; x_wconf 88' lang='lat' dir='ltr'><strong>studium.</strong></span> <span class='ocrx_word' id='word_1_55' title='bbox 880 1669 942 1733; x_wconf 90' lang='lat' dir='ltr'><strong>Sed</strong></span> <span class='ocrx_word' id='word_1_56' title='bbox 966 1669 1220 1735; x_wconf 85' lang='lat' dir='ltr'><strong>demonstrativa</strong></span> <span class='ocrx_word' id='word_1_57' title='bbox 1242 1692 1345 1733; x_wconf 87' lang='lat' dir='ltr'><strong>neees-</strong></span> 
     </span>
     <span class='ocr_line' id='line_1_10' title="bbox 397 1771 1347 1858; baseline -0.005 -18"><span class='ocrx_word' id='word_1_58' title='bbox 397 1776 495 1840; x_wconf 87' lang='lat' dir='ltr'><strong>sarias</strong></span> <span class='ocrx_word' id='word_1_59' title='bbox 510 1775 675 1839; x_wconf 90' lang='lat' dir='ltr'><strong>methodos</strong></span> <span class='ocrx_word' id='word_1_60' title='bbox 690 1773 815 1858; x_wconf 88' lang='lat' dir='ltr'><strong>quaerit,</strong></span> <span class='ocrx_word' id='word_1_61' title='bbox 830 1788 861 1836; x_wconf 90' lang='lat' dir='ltr'><strong>et</strong></span> <span class='ocrx_word' id='word_1_62' title='bbox 878 1794 952 1858; x_wconf 83' lang='lat' dir='ltr'><strong>quae</strong></span> <span class='ocrx_word' id='word_1_63' title='bbox 966 1771 1053 1835; x_wconf 90' lang='lat' dir='ltr'><strong>illam</strong></span> <span class='ocrx_word' id='word_1_64' title='bbox 1073 1795 1179 1836; x_wconf 91' lang='lat' dir='ltr'><strong>rerum</strong></span> <span class='ocrx_word' id='word_1_65' title='bbox 1195 1772 1347 1837; x_wconf 70' lang='lat' dir='ltr'><strong>inhaeren-</strong></span> 
     </span>
     <span class='ocr_line' id='line_1_11' title="bbox 398 1873 1347 1961; baseline -0.004 -20"><span class='ocrx_word' id='word_1_66' title='bbox 398 1879 475 1942; x_wconf 92' lang='lat' dir='ltr'><strong>tiam</strong></span> <span class='ocrx_word' id='word_1_67' title='bbox 491 1878 617 1953; x_wconf 89' lang='lat' dir='ltr'><strong>docent,</strong></span> <span class='ocrx_word' id='word_1_68' title='bbox 633 1898 729 1961; x_wconf 86' lang='lat' dir='ltr'><strong>quarn</strong></span> <span class='ocrx_word' id='word_1_69' title='bbox 745 1874 941 1960; x_wconf 88' lang='lat' dir='ltr'><strong>impossihile</strong></span> <span class='ocrx_word' id='word_1_70' title='bbox 956 1887 1003 1938; x_wconf 89' lang='lat' dir='ltr'><strong>est</strong></span> <span class='ocrx_word' id='word_1_71' title='bbox 1017 1873 1167 1938; x_wconf 87' lang='lat' dir='ltr'><strong>dissolvi:</strong></span> <span class='ocrx_word' id='word_1_72' title='bbox 1191 1875 1252 1938; x_wconf 89' lang='lat' dir='ltr'><strong>hoc</strong></span> <span class='ocrx_word' id='word_1_73' title='bbox 1267 1873 1347 1938; x_wconf 90' lang='lat' dir='ltr'><strong>enim</strong></span> 
     </span>
     <span class='ocr_line' id='line_1_12' title="bbox 398 1974 1349 2063; baseline -0.005 -21"><span class='ocrx_word' id='word_1_74' title='bbox 398 1979 555 2042; x_wconf 84' lang='lat' dir='ltr'><strong>duntaxat</strong></span> <span class='ocrx_word' id='word_1_75' title='bbox 569 1977 778 2040; x_wconf 89' lang='lat' dir='ltr'><strong>necessarium</strong></span> <span class='ocrx_word' id='word_1_76' title='bbox 795 1989 854 2052; x_wconf 86' lang='lat' dir='ltr'><strong>est,</strong></span> <span class='ocrx_word' id='word_1_77' title='bbox 867 1976 954 2061; x_wconf 90' lang='lat' dir='ltr'><strong>quod</strong></span> <span class='ocrx_word' id='word_1_78' title='bbox 971 1975 1063 2040; x_wconf 90' lang='lat' dir='ltr'><strong>aliter</strong></span> <span class='ocrx_word' id='word_1_79' title='bbox 1078 2000 1146 2041; x_wconf 90' lang='lat' dir='ltr'><strong>esse</strong></span> <span class='ocrx_word' id='word_1_80' title='bbox 1156 1974 1349 2063; x_wconf 85' lang='lat' dir='ltr'><strong>impossibile</strong></span> 
     </span>
     <span class='ocr_line' id='line_1_13' title="bbox 398 2078 1349 2163; baseline -0.002 -21"><span class='ocrx_word' id='word_1_81' title='bbox 398 2094 455 2143; x_wconf 88' lang='lat' dir='ltr'><strong>est.</strong></span> <span class='ocrx_word' id='word_1_82' title='bbox 502 2081 662 2143; x_wconf 87' lang='lat' dir='ltr'><strong>Caeterum</strong></span> <span class='ocrx_word' id='word_1_83' title='bbox 687 2078 764 2163; x_wconf 89' lang='lat' dir='ltr'><strong>quia</strong></span> <span class='ocrx_word' id='word_1_84' title='bbox 787 2079 869 2141; x_wconf 90' lang='lat' dir='ltr'><strong>vires</strong></span> <span class='ocrx_word' id='word_1_85' title='bbox 890 2092 1026 2155; x_wconf 77' lang='lat' dir='ltr'><strong>naturae,</strong></span> <span class='ocrx_word' id='word_1_86' title='bbox 1051 2090 1108 2143; x_wconf 91' lang='lat' dir='ltr'><strong>aut</strong></span> <span class='ocrx_word' id='word_1_87' title='bbox 1136 2078 1247 2142; x_wconf 88' lang='lat' dir='ltr'><strong>nullus</strong></span> <span class='ocrx_word' id='word_1_88' title='bbox 1272 2099 1349 2162; x_wconf 87' lang='lat' dir='ltr'><strong>pene</strong></span> 
     </span>
     <span class='ocr_line' id='line_1_14' title="bbox 398 2175 1350 2262; baseline -0.003 -19"><span class='ocrx_word' id='word_1_89' title='bbox 398 2192 572 2255; x_wconf 85' lang='lat' dir='ltr'><strong>scrutatur,</strong></span> <span class='ocrx_word' id='word_1_90' title='bbox 589 2192 645 2242; x_wconf 92' lang='lat' dir='ltr'><strong>aut</strong></span> <span class='ocrx_word' id='word_1_91' title='bbox 669 2200 771 2255; x_wconf 89' lang='lat' dir='ltr'><strong>rarus,</strong></span> <span class='ocrx_word' id='word_1_92' title='bbox 793 2192 825 2241; x_wconf 94' lang='lat' dir='ltr'><strong>et</strong></span> <span class='ocrx_word' id='word_1_93' title='bbox 849 2199 1018 2241; x_wconf 86' lang='lat' dir='ltr'><strong>numerum</strong></span> <span class='ocrx_word' id='word_1_94' title='bbox 1041 2178 1242 2262; x_wconf 86' lang='lat' dir='ltr'><strong>possibilium</strong></span> <span class='ocrx_word' id='word_1_95' title='bbox 1265 2175 1350 2242; x_wconf 86' lang='lat' dir='ltr'><strong>solus</strong></span> 
     </span>
     <span class='ocr_line' id='line_1_15' title="bbox 399 2276 1352 2365; baseline -0.004 -22"><span class='ocrx_word' id='word_1_96' title='bbox 399 2283 488 2343; x_wconf 88' lang='lat' dir='ltr'><strong>Deus</strong></span> <span class='ocrx_word' id='word_1_97' title='bbox 509 2277 607 2349; x_wconf 85' lang='lat' dir='ltr'><strong>novit,</strong></span> <span class='ocrx_word' id='word_1_98' title='bbox 629 2277 669 2340; x_wconf 92' lang='lat' dir='ltr'><strong>de</strong></span> <span class='ocrx_word' id='word_1_99' title='bbox 690 2278 873 2342; x_wconf 89' lang='lat' dir='ltr'><strong>necessariis</strong></span> <span class='ocrx_word' id='word_1_100' title='bbox 893 2278 1082 2365; x_wconf 91' lang='lat' dir='ltr'><strong>plerumque</strong></span> <span class='ocrx_word' id='word_1_101' title='bbox 1101 2300 1166 2342; x_wconf 95' lang='lat' dir='ltr'><strong>non</strong></span> <span class='ocrx_word' id='word_1_102' title='bbox 1189 2276 1286 2342; x_wconf 93' lang='lat' dir='ltr'><strong>modo</strong></span> <span class='ocrx_word' id='word_1_103' title='bbox 1307 2278 1352 2340; x_wconf 89' lang='lat' dir='ltr'><strong>in·</strong></span> 
     </span>
     <span class='ocr_line' id='line_1_16' title="bbox 398 2377 1348 2465; baseline 0 -23"><span class='ocrx_word' id='word_1_104' title='bbox 398 2393 533 2454; x_wconf 90' lang='lat' dir='ltr'><strong>certum,</strong></span> <span class='ocrx_word' id='word_1_105' title='bbox 549 2378 603 2442; x_wconf 90' lang='lat' dir='ltr'><strong>sed</strong></span> <span class='ocrx_word' id='word_1_106' title='bbox 620 2391 652 2442; x_wconf 93' lang='lat' dir='ltr'><strong>et</strong></span> <span class='ocrx_word' id='word_1_107' title='bbox 669 2379 870 2442; x_wconf 89' lang='lat' dir='ltr'><strong>temerarium</strong></span> <span class='ocrx_word' id='word_1_108' title='bbox 887 2378 1047 2465; x_wconf 88' lang='lat' dir='ltr'><strong>judicium</strong></span> <span class='ocrx_word' id='word_1_109' title='bbox 1064 2392 1120 2444; x_wconf 90' lang='lat' dir='ltr'><strong>est.</strong></span> <span class='ocrx_word' id='word_1_110' title='bbox 1167 2377 1253 2452; x_wconf 90' lang='lat' dir='ltr'><strong>Quis</strong></span> <span class='ocrx_word' id='word_1_111' title='bbox 1267 2379 1348 2442; x_wconf 89' lang='lat' dir='ltr'><strong>enirn</strong></span> 
     </span>
     <span class='ocr_line' id='line_1_17' title="bbox 400 2480 1348 2567; baseline -0.001 -23"><span class='ocrx_word' id='word_1_112' title='bbox 400 2480 488 2544; x_wconf 83' lang='lat' dir='ltr'><strong>novit</strong></span> <span class='ocrx_word' id='word_1_113' title='bbox 510 2481 648 2566; x_wconf 91' lang='lat' dir='ltr'><strong>penitus,</strong></span> <span class='ocrx_word' id='word_1_114' title='bbox 673 2481 753 2566; x_wconf 91' lang='lat' dir='ltr'><strong>quid</strong></span> <span class='ocrx_word' id='word_1_115' title='bbox 776 2504 842 2544; x_wconf 85' lang='lat' dir='ltr'><strong>esse</strong></span> <span class='ocrx_word' id='word_1_116' title='bbox 864 2481 974 2566; x_wconf 88' lang='lat' dir='ltr'><strong>possit,</strong></span> <span class='ocrx_word' id='word_1_117' title='bbox 997 2494 1053 2545; x_wconf 90' lang='lat' dir='ltr'><strong>aut</strong></span> <span class='ocrx_word' id='word_1_118' title='bbox 1076 2503 1139 2544; x_wconf 93' lang='lat' dir='ltr'><strong>non</strong></span> <span class='ocrx_word' id='word_1_119' title='bbox 1162 2480 1287 2567; x_wconf 86' lang='lat' dir='ltr'><strong>possit?</strong></span> <span class='ocrx_word' id='word_1_120' title='bbox 1317 2480 1348 2544; x_wconf 82' lang='lat' dir='ltr'><strong>Si</strong></span> 
     </span>
     <span class='ocr_line' id='line_1_18' title="bbox 400 2580 1348 2667; baseline 0.001 -23"><span class='ocrx_word' id='word_1_121' title='bbox 400 2581 535 2667; x_wconf 87' lang='lat' dir='ltr'><strong>peperit,</strong></span> <span class='ocrx_word' id='word_1_122' title='bbox 564 2604 637 2645; x_wconf 85' lang='lat' dir='ltr'><strong>cunr</strong></span> <span class='ocrx_word' id='word_1_123' title='bbox 668 2581 777 2667; x_wconf 89' lang='lat' dir='ltr'><strong>aliquo</strong></span> <span class='ocrx_word' id='word_1_124' title='bbox 806 2580 989 2660; x_wconf 87' lang='lat' dir='ltr'><strong>concubuit,</strong></span> <span class='ocrx_word' id='word_1_125' title='bbox 1018 2594 1076 2646; x_wconf 91' lang='lat' dir='ltr'><strong>aut</strong></span> <span class='ocrx_word' id='word_1_126' title='bbox 1108 2594 1262 2667; x_wconf 86' lang='lat' dir='ltr'><strong>corrupta</strong></span> <span class='ocrx_word' id='word_1_127' title='bbox 1290 2595 1348 2655; x_wconf 85' lang='lat' dir='ltr'><strong>est,</strong></span> 
     </span>
     <span class='ocr_line' id='line_1_19' title="bbox 400 2682 1349 2748; baseline 0 0"><span class='ocrx_word' id='word_1_128' title='bbox 400 2684 609 2748; x_wconf 88' lang='lat' dir='ltr'><strong>necessarium</strong></span> <span class='ocrx_word' id='word_1_129' title='bbox 626 2707 692 2747; x_wconf 90' lang='lat' dir='ltr'><strong>esse</strong></span> <span class='ocrx_word' id='word_1_130' title='bbox 703 2684 867 2747; x_wconf 86' lang='lat' dir='ltr'><strong>duxerunt</strong></span> <span class='ocrx_word' id='word_1_131' title='bbox 883 2682 988 2747; x_wconf 88' lang='lat' dir='ltr'><strong>secula</strong></span> <span class='ocrx_word' id='word_1_132' title='bbox 1002 2684 1115 2748; x_wconf 82' lang='lat' dir='ltr'><strong>multa</strong></span> <span class='ocrx_word' id='word_1_133' title='bbox 1147 2684 1211 2748; x_wconf 89' lang='lat' dir='ltr'><strong>Sed</strong></span> <span class='ocrx_word' id='word_1_134' title='bbox 1223 2684 1349 2748; x_wconf 87' lang='lat' dir='ltr'><strong>tandem</strong></span> 
     </span>
     <span class='ocr_line' id='line_1_20' title="bbox 400 2784 1348 2872; baseline 0.001 -23"><span class='ocrx_word' id='word_1_135' title='bbox 400 2787 432 2851; x_wconf 93' lang='lat' dir='ltr'><strong>in</strong></span> <span class='ocrx_word' id='word_1_136' title='bbox 448 2787 509 2849; x_wconf 88' lang='lat' dir='ltr'><strong>fine</strong></span> <span class='ocrx_word' id='word_1_137' title='bbox 533 2798 711 2872; x_wconf 88' lang='lat' dir='ltr'><strong>temporum</strong></span> <span class='ocrx_word' id='word_1_138' title='bbox 728 2807 790 2848; x_wconf 92' lang='lat' dir='ltr'><strong>uon</strong></span> <span class='ocrx_word' id='word_1_139' title='bbox 814 2784 1021 2848; x_wconf 87' lang='lat' dir='ltr'><strong>necessarium</strong></span> <span class='ocrx_word' id='word_1_140' title='bbox 1044 2809 1122 2866; x_wconf 90' lang='lat' dir='ltr'><strong>esse,</strong></span> <span class='ocrx_word' id='word_1_141' title='bbox 1136 2785 1247 2850; x_wconf 88' lang='lat' dir='ltr'><strong>docuit</strong></span> <span class='ocrx_word' id='word_1_142' title='bbox 1271 2786 1348 2851; x_wconf 85' lang='lat' dir='ltr'><strong>inte·</strong></span> 
     </span>
     <span class='ocr_line' id='line_1_21' title="bbox 399 2886 1350 2975; baseline 0.001 -24"><span class='ocrx_word' id='word_1_143' title='bbox 399 2889 546 2975; x_wconf 86' lang='lat' dir='ltr'><strong>gerrimae</strong></span> <span class='ocrx_word' id='word_1_144' title='bbox 576 2889 708 2973; x_wconf 86' lang='lat' dir='ltr'><strong>virginis</strong></span> <span class='ocrx_word' id='word_1_145' title='bbox 743 2900 865 2972; x_wconf 88' lang='lat' dir='ltr'><strong>partus.</strong></span> <span class='ocrx_word' id='word_1_146' title='bbox 919 2886 1018 2961; x_wconf 88' lang='lat' dir='ltr'><strong>Quod</strong></span> <span class='ocrx_word' id='word_1_147' title='bbox 1049 2887 1131 2951; x_wconf 92' lang='lat' dir='ltr'><strong>euim</strong></span> <span class='ocrx_word' id='word_1_148' title='bbox 1167 2888 1350 2975; x_wconf 86' lang='lat' dir='ltr'><strong>simpliciter</strong></span> 
     </span>
     <span class='ocr_line' id='line_1_22' title="bbox 402 2989 1349 3074; baseline -0.002 -21"><span class='ocrx_word' id='word_1_149' title='bbox 402 3011 526 3054; x_wconf 85' lang='lat' dir='ltr'><strong>necesse</strong></span> <span class='ocrx_word' id='word_1_150' title='bbox 538 3003 596 3071; x_wconf 91' lang='lat' dir='ltr'><strong>est,</strong></span> <span class='ocrx_word' id='word_1_151' title='bbox 607 2990 695 3053; x_wconf 96' lang='lat' dir='ltr'><strong>nullo</strong></span> <span class='ocrx_word' id='word_1_152' title='bbox 708 2989 802 3053; x_wconf 91' lang='lat' dir='ltr'><strong>modo</strong></span> <span class='ocrx_word' id='word_1_153' title='bbox 817 2989 908 3054; x_wconf 89' lang='lat' dir='ltr'><strong>aliter</strong></span> <span class='ocrx_word' id='word_1_154' title='bbox 919 3013 985 3052; x_wconf 89' lang='lat' dir='ltr'><strong>esse</strong></span> <span class='ocrx_word' id='word_1_155' title='bbox 1000 3003 1121 3074; x_wconf 85' lang='lat' dir='ltr'><strong>potest:</strong></span> <span class='ocrx_word' id='word_1_156' title='bbox 1146 2989 1264 3054; x_wconf 84' lang='lat' dir='ltr'><strong>mutari</strong></span> <span class='ocrx_word' id='word_1_157' title='bbox 1277 3011 1349 3052; x_wconf 84' lang='lat' dir='ltr'><strong>vero</strong></span> 
     </span>
     <span class='ocr_line' id='line_1_23' title="bbox 401 3090 1351 3180; baseline -0.002 -24"><span class='ocrx_word' id='word_1_158' title='bbox 401 3107 518 3180; x_wconf 88' lang='lat' dir='ltr'><strong>potest,</strong></span> <span class='ocrx_word' id='word_1_159' title='bbox 531 3093 617 3179; x_wconf 90' lang='lat' dir='ltr'><strong>quod</strong></span> <span class='ocrx_word' id='word_1_160' title='bbox 631 3116 649 3155; x_wconf 92' lang='lat' dir='ltr'><strong>a</strong></span> <span class='ocrx_word' id='word_1_161' title='bbox 664 3092 925 3156; x_wconf 81' lang='lat' dir='ltr'><strong>determinatione</strong></span> <span class='ocrx_word' id='word_1_162' title='bbox 940 3111 1066 3155; x_wconf 87' lang='lat' dir='ltr'><strong>necesse</strong></span> <span class='ocrx_word' id='word_1_163' title='bbox 1080 3105 1138 3155; x_wconf 89' lang='lat' dir='ltr'><strong>est.</strong></span> <span class='ocrx_word' id='word_1_164' title='bbox 1169 3090 1351 3155; x_wconf 76' lang='lat' dir='ltr'><strong>Victorinus</strong></span> 
     </span>
     <span class='ocr_line' id='line_1_24' title="bbox 401 3191 1349 3279; baseline -0.003 -22"><span class='ocrx_word' id='word_1_165' title='bbox 401 3196 433 3257; x_wconf 93' lang='lat' dir='ltr'><strong>in</strong></span> <span class='ocrx_word' id='word_1_166' title='bbox 466 3195 643 3259; x_wconf 86' lang='lat' dir='ltr'><strong>Rhetoricis</strong></span> <span class='ocrx_word' id='word_1_167' title='bbox 667 3194 699 3256; x_wconf 91' lang='lat' dir='ltr'><strong>in</strong></span> <span class='ocrx_word' id='word_1_168' title='bbox 726 3192 947 3279; x_wconf 85' lang='lat' dir='ltr'><strong>explanatione</strong></span> <span class='ocrx_word' id='word_1_169' title='bbox 971 3191 1134 3255; x_wconf 91' lang='lat' dir='ltr'><strong>necessarii</strong></span> <span class='ocrx_word' id='word_1_170' title='bbox 1158 3192 1219 3255; x_wconf 89' lang='lat' dir='ltr'><strong>hoc</strong></span> <span class='ocrx_word' id='word_1_171' title='bbox 1246 3193 1349 3278; x_wconf 87' lang='lat' dir='ltr'><strong>ipsum</strong></span> 
     </span>
     <span class='ocr_line' id='line_1_25' title="bbox 401 3291 1349 3378; baseline -0.001 -22"><span class='ocrx_word' id='word_1_172' title='bbox 401 3295 504 3368; x_wconf 89' lang='lat' dir='ltr'><strong>docet,</strong></span> <span class='ocrx_word' id='word_1_173' title='bbox 531 3309 562 3358; x_wconf 91' lang='lat' dir='ltr'><strong>et</strong></span> <span class='ocrx_word' id='word_1_174' title='bbox 590 3295 676 3378; x_wconf 90' lang='lat' dir='ltr'><strong>quod</strong></span> <span class='ocrx_word' id='word_1_175' title='bbox 705 3294 743 3358; x_wconf 91' lang='lat' dir='ltr'><strong>ad</strong></span> <span class='ocrx_word' id='word_1_176' title='bbox 773 3308 899 3378; x_wconf 90' lang='lat' dir='ltr'><strong>partum</strong></span> <span class='ocrx_word' id='word_1_177' title='bbox 930 3291 1104 3376; x_wconf 85' lang='lat' dir='ltr'><strong>corruptio,</strong></span> <span class='ocrx_word' id='word_1_178' title='bbox 1130 3312 1193 3354; x_wconf 91' lang='lat' dir='ltr'><strong>non</strong></span> <span class='ocrx_word' id='word_1_179' title='bbox 1219 3291 1349 3378; x_wconf 92' lang='lat' dir='ltr'><strong>quidem</strong></span> 
     </span>
     <span class='ocr_line' id='line_1_26' title="bbox 402 3393 1351 3478; baseline 0 -22"><span class='ocrx_word' id='word_1_180' title='bbox 402 3395 587 3469; x_wconf 83' lang='lat' dir='ltr'><strong>necessario,</strong></span> <span class='ocrx_word' id='word_1_181' title='bbox 600 3394 654 3457; x_wconf 88' lang='lat' dir='ltr'><strong>sed</strong></span> <span class='ocrx_word' id='word_1_182' title='bbox 670 3393 887 3477; x_wconf 87' lang='lat' dir='ltr'><strong>probabiliter,</strong></span> <span class='ocrx_word' id='word_1_183' title='bbox 899 3405 1126 3478; x_wconf 85' lang='lat' dir='ltr'><strong>consequatur:</strong></span> <span class='ocrx_word' id='word_1_184' title='bbox 1152 3393 1351 3478; x_wconf 82' lang='lat' dir='ltr'><strong>Augustinus</strong></span> 
     </span>
     <span class='ocr_line' id='line_1_27' title="bbox 402 3493 1351 3577; baseline 0.002 -22"><span class='ocrx_word' id='word_1_185' title='bbox 402 3516 531 3577; x_wconf 91' lang='lat' dir='ltr'><strong>quoque</strong></span> <span class='ocrx_word' id='word_1_186' title='bbox 557 3494 703 3566; x_wconf 88' lang='lat' dir='ltr'><strong>rationes,</strong></span> <span class='ocrx_word' id='word_1_187' title='bbox 728 3517 803 3577; x_wconf 72' lang='lat' dir='ltr'><strong>quar</strong></span> <span class='ocrx_word' id='word_1_188' title='bbox 830 3496 1010 3558; x_wconf 73' lang='lat' dir='ltr'><strong>necessaria</strong></span> <span class='ocrx_word' id='word_1_189' title='bbox 1036 3507 1122 3571; x_wconf 91' lang='lat' dir='ltr'><strong>sunt,</strong></span> <span class='ocrx_word' id='word_1_190' title='bbox 1148 3517 1217 3558; x_wconf 84' lang='lat' dir='ltr'><strong>esse</strong></span> <span class='ocrx_word' id='word_1_191' title='bbox 1242 3493 1351 3558; x_wconf 82' lang='lat' dir='ltr'><strong>asserit</strong></span> 
     </span>
     <span class='ocr_line' id='line_1_28' title="bbox 403 3591 1351 3683; baseline 0.004 -26"><span class='ocrx_word' id='word_1_192' title='bbox 403 3591 622 3678; x_wconf 88' lang='lat' dir='ltr'><strong>sempiternas,</strong></span> <span class='ocrx_word' id='word_1_193' title='bbox 637 3606 670 3657; x_wconf 90' lang='lat' dir='ltr'><strong>et</strong></span> <span class='ocrx_word' id='word_1_194' title='bbox 691 3594 779 3656; x_wconf 91' lang='lat' dir='ltr'><strong>nullo</strong></span> <span class='ocrx_word' id='word_1_195' title='bbox 799 3596 894 3659; x_wconf 91' lang='lat' dir='ltr'><strong>modo</strong></span> <span class='ocrx_word' id='word_1_196' title='bbox 916 3597 1061 3660; x_wconf 85' lang='lat' dir='ltr'><strong>evacuari</strong></span> <span class='ocrx_word' id='word_1_197' title='bbox 1085 3619 1186 3683; x_wconf 87' lang='lat' dir='ltr'><strong>posse.</strong></span> <span class='ocrx_word' id='word_1_198' title='bbox 1236 3596 1351 3661; x_wconf 81' lang='lat' dir='ltr'><strong>Proba·</strong></span> 
     </span>
     <span class='ocr_line' id='line_1_29' title="bbox 401 3693 1351 3784; baseline 0.001 -25"><span class='ocrx_word' id='word_1_199' title='bbox 401 3693 514 3759; x_wconf 91' lang='lat' dir='ltr'><strong>bilium</strong></span> <span class='ocrx_word' id='word_1_200' title='bbox 542 3717 617 3758; x_wconf 85' lang='lat' dir='ltr'><strong>vero</strong></span> <span class='ocrx_word' id='word_1_201' title='bbox 648 3697 784 3759; x_wconf 89' lang='lat' dir='ltr'><strong>rationes</strong></span> <span class='ocrx_word' id='word_1_202' title='bbox 809 3699 925 3763; x_wconf 89' lang='lat' dir='ltr'><strong>mutari</strong></span> <span class='ocrx_word' id='word_1_203' title='bbox 953 3721 1043 3784; x_wconf 89' lang='lat' dir='ltr'><strong>posse</strong></span> <span class='ocrx_word' id='word_1_204' title='bbox 1073 3699 1179 3784; x_wconf 86' lang='lat' dir='ltr'><strong>palam</strong></span> <span class='ocrx_word' id='word_1_205' title='bbox 1209 3714 1269 3772; x_wconf 78' lang='lat' dir='ltr'><strong>est,</strong></span> <span class='ocrx_word' id='word_1_206' title='bbox 1294 3696 1351 3762; x_wconf 89' lang='lat' dir='ltr'><strong>nisi</strong></span> 
     </span>
     <span class='ocr_line' id='line_1_30' title="bbox 402 3794 1353 3884; baseline 0 -23"><span class='ocrx_word' id='word_1_207' title='bbox 402 3794 583 3861; x_wconf 69' lang='lat' dir='ltr'><strong>necessariae</strong></span> <span class='ocrx_word' id='word_1_208' title='bbox 603 3797 732 3861; x_wconf 88' lang='lat' dir='ltr'><strong>fuerint.</strong></span> <span class='ocrx_word' id='word_1_209' title='bbox 779 3799 875 3862; x_wconf 89' lang='lat' dir='ltr'><strong>Unde</strong></span> <span class='ocrx_word' id='word_1_210' title='bbox 895 3812 1019 3863; x_wconf 87' lang='lat' dir='ltr'><strong>constat</strong></span> <span class='ocrx_word' id='word_1_211' title='bbox 1039 3821 1136 3884; x_wconf 86' lang='lat' dir='ltr'><strong>quam</strong></span> <span class='ocrx_word' id='word_1_212' title='bbox 1160 3800 1299 3866; x_wconf 91' lang='lat' dir='ltr'><strong>arduum</strong></span> <span class='ocrx_word' id='word_1_213' title='bbox 1314 3799 1353 3863; x_wconf 91' lang='lat' dir='ltr'><strong>sit</strong></span> 
     </span>
     <span class='ocr_line' id='line_1_31' title="bbox 403 3899 1354 3986; baseline 0.005 -24"><span class='ocrx_word' id='word_1_214' title='bbox 403 3899 662 3962; x_wconf 83' lang='lat' dir='ltr'><strong>demonstratoris</strong></span> <span class='ocrx_word' id='word_1_215' title='bbox 683 3901 893 3984; x_wconf 83' lang='lat' dir='ltr'><strong>propositum,</strong></span> <span class='ocrx_word' id='word_1_216' title='bbox 914 3900 971 3984; x_wconf 90' lang='lat' dir='ltr'><strong>qui</strong></span> <span class='ocrx_word' id='word_1_217' title='bbox 992 3922 1117 3986; x_wconf 89' lang='lat' dir='ltr'><strong>semper</strong></span> <span class='ocrx_word' id='word_1_218' title='bbox 1140 3902 1354 3967; x_wconf 80' lang='lat' dir='ltr'><strong>necessitatem</strong></span> 
     </span>
     <span class='ocr_line' id='line_1_32' title="bbox 403 3999 1355 4091; baseline 0.003 -28"><span class='ocrx_word' id='word_1_219' title='bbox 403 3999 557 4086; x_wconf 82' lang='lat' dir='ltr'><strong>sequitur,</strong></span> <span class='ocrx_word' id='word_1_220' title='bbox 569 4013 600 4064; x_wconf 93' lang='lat' dir='ltr'><strong>et</strong></span> <span class='ocrx_word' id='word_1_221' title='bbox 614 4022 632 4061; x_wconf 87' lang='lat' dir='ltr'><strong>a</strong></span> <span class='ocrx_word' id='word_1_222' title='bbox 647 4000 800 4076; x_wconf 85' lang='lat' dir='ltr'><strong>veritatis,</strong></span> <span class='ocrx_word' id='word_1_223' title='bbox 813 4023 907 4086; x_wconf 87' lang='lat' dir='ltr'><strong>quam</strong></span> <span class='ocrx_word' id='word_1_224' title='bbox 924 4001 1106 4086; x_wconf 84' lang='lat' dir='ltr'><strong>profitetur,</strong></span> <span class='ocrx_word' id='word_1_225' title='bbox 1118 4003 1287 4091; x_wconf 84' lang='lat' dir='ltr'><strong>principiis</strong></span> <span class='ocrx_word' id='word_1_226' title='bbox 1297 4023 1355 4067; x_wconf 89' lang='lat' dir='ltr'><strong>non</strong></span> 
     </span>
     <span class='ocr_line' id='line_1_33' title="bbox 403 4101 1355 4193; baseline -0.001 -26"><span class='ocrx_word' id='word_1_227' title='bbox 403 4101 530 4167; x_wconf 88' lang='lat' dir='ltr'><strong>recedit.</strong></span> <span class='ocrx_word' id='word_1_228' title='bbox 578 4102 611 4165; x_wconf 88' lang='lat' dir='ltr'><strong>Si</strong></span> <span class='ocrx_word' id='word_1_229' title='bbox 635 4101 716 4165; x_wconf 89' lang='lat' dir='ltr'><strong>enirn</strong></span> <span class='ocrx_word' id='word_1_230' title='bbox 745 4103 910 4167; x_wconf 89' lang='lat' dir='ltr'><strong>veritatem</strong></span> <span class='ocrx_word' id='word_1_231' title='bbox 934 4102 1186 4185; x_wconf 86' lang='lat' dir='ltr'><strong>deprehendere,</strong></span> <span class='ocrx_word' id='word_1_232' title='bbox 1209 4129 1286 4193; x_wconf 74' lang='lat' dir='ltr'><strong>quae</strong></span> <span class='ocrx_word' id='word_1_233' title='bbox 1311 4108 1355 4185; x_wconf 75' lang='lat' dir='ltr'><strong>lut</strong></span> 
     </span>
     <span class='ocr_line' id='line_1_34' title="bbox 403 4202 1355 4293; baseline -0.001 -24"><span class='ocrx_word' id='word_1_234' title='bbox 403 4207 493 4268; x_wconf 91' lang='lat' dir='ltr'><strong>aiunt</strong></span> <span class='ocrx_word' id='word_1_235' title='bbox 516 4203 694 4269; x_wconf 79' lang='lat' dir='ltr'><strong>Academici</strong></span> <span class='ocrx_word' id='word_1_236' title='bbox 718 4203 827 4283; x_wconf 85' lang='lat' dir='ltr'><strong>nostri)</strong></span> <span class='ocrx_word' id='word_1_237' title='bbox 852 4216 1003 4286; x_wconf 91' lang='lat' dir='ltr'><strong>tanquam</strong></span> <span class='ocrx_word' id='word_1_238' title='bbox 1026 4202 1057 4264; x_wconf 95' lang='lat' dir='ltr'><strong>in</strong></span> <span class='ocrx_word' id='word_1_239' title='bbox 1082 4205 1250 4288; x_wconf 85' lang='lat' dir='ltr'><strong>profundo</strong></span> <span class='ocrx_word' id='word_1_240' title='bbox 1271 4202 1355 4293; x_wconf 87' lang='lat' dir='ltr'><strong>putei</strong></span> 
     </span>
     <span class='ocr_line' id='line_1_35' title="bbox 401 4305 1356 4393; baseline 0.007 -24"><span class='ocrx_word' id='word_1_241' title='bbox 401 4309 489 4382; x_wconf 90' lang='lat' dir='ltr'><strong>latet,</strong></span> <span class='ocrx_word' id='word_1_242' title='bbox 506 4329 655 4393; x_wconf 86' lang='lat' dir='ltr'><strong>magnum</strong></span> <span class='ocrx_word' id='word_1_243' title='bbox 672 4319 738 4368; x_wconf 91' lang='lat' dir='ltr'><strong>est:</strong></span> <span class='ocrx_word' id='word_1_244' title='bbox 764 4319 894 4390; x_wconf 87' lang='lat' dir='ltr'><strong>quantae</strong></span> <span class='ocrx_word' id='word_1_245' title='bbox 910 4305 1089 4369; x_wconf 87' lang='lat' dir='ltr'><strong>vivacitatis</strong></span> <span class='ocrx_word' id='word_1_246' title='bbox 1104 4322 1166 4382; x_wconf 90' lang='lat' dir='ltr'><strong>est,</strong></span> <span class='ocrx_word' id='word_1_247' title='bbox 1183 4333 1249 4375; x_wconf 95' lang='lat' dir='ltr'><strong>non</strong></span> <span class='ocrx_word' id='word_1_248' title='bbox 1265 4307 1356 4375; x_wconf 82' lang='lat' dir='ltr'><strong>modo</strong></span> 
     </span>
     <span class='ocr_line' id='line_1_36' title="bbox 403 4404 1357 4492; baseline 0.007 -24"><span class='ocrx_word' id='word_1_249' title='bbox 403 4410 578 4483; x_wconf 87' lang='lat' dir='ltr'><strong>veritatem,</strong></span> <span class='ocrx_word' id='word_1_250' title='bbox 603 4409 656 4473; x_wconf 91' lang='lat' dir='ltr'><strong>sed</strong></span> <span class='ocrx_word' id='word_1_251' title='bbox 682 4405 786 4492; x_wconf 83' lang='lat' dir='ltr'><strong>ipsius</strong></span> <span class='ocrx_word' id='word_1_252' title='bbox 816 4404 1009 4468; x_wconf 87' lang='lat' dir='ltr'><strong>necessitatis</strong></span> <span class='ocrx_word' id='word_1_253' title='bbox 1035 4424 1209 4489; x_wconf 88' lang='lat' dir='ltr'><strong>penetrare</strong></span> <span class='ocrx_word' id='word_1_254' title='bbox 1236 4432 1357 4484; x_wconf 79' lang='lat' dir='ltr'><strong>arcana,</strong></span> 
     </span>
    </p>
   </div>
   <div class='ocr_carea' id='block_1_3' title="bbox 0 0 1518 5592">
    <p class='ocr_par' dir='ltr' id='par_1_3' title="bbox 0 0 1518 5592">
     <span class='ocr_line' id='line_1_37' title="bbox 0 0 1518 5592; baseline 0 0"><span class='ocrx_word' id='word_1_255' title='bbox 0 0 1518 5592; x_wconf 95' lang='lat' dir='ltr'><strong> </strong></span> 
     </span>
    </p>
   </div>
  </div>
 </body>
</html>
