2992 5592
264 790 330 849 204
523 797 659 843 ronanus
676 796 952 842 saansaamsssrs
1046 781 1215 860 r[1.1n.1v.

266 1040 345 1125 Cap.
365 1043 417 1101 41.
441 1035 493 1099 Ar
514 1034 595 1120 quid
611 1036 908 1117 Peripateticorum,
922 1044 954 1098 et
975 1037 1120 1098 omnium
1142 1042 1220 1098 reete

305 1140 610 1224 philosophantium,
629 1139 741 1201 tendat
755 1139 909 1201 intentio:
933 1144 964 1200 et
986 1137 1025 1200 de
1039 1143 1107 1199 octo
1126 1137 1222 1198 obsta-

309 1244 392 1306 culte
406 1242 638 1321 intelligentiae.

310 1360 415 1437 Qouu
426 1378 502 1441 ergo
514 1355 583 1418 sciri
593 1354 741 1441 quaedam
756 1379 818 1419 non
834 1355 958 1442 possint
973 1379 1040 1442 pra:
1053 1355 1222 1420 eminentia

266 1460 444 1545 dignitatis,
462 1457 607 1544 quaedam
624 1480 691 1543 prae
707 1455 982 1522 multitudineaut
998 1456 1217 1544 magnitudine

266 1560 456 1648 quantitatis
481 1584 557 1640 suae,
580 1558 728 1645 quaedam
755 1572 889 1644 propter
915 1560 1160 1623 inconstantiam
1186 1572 1216 1622 et

267 1663 482 1728 lubricitatem
512 1665 577 1737 sui;
616 1662 667 1726 cui
698 1662 895 1749 potissimum
925 1663 1136 1727 insistendum
1168 1667 1218 1739 sit,

268 1780 300 1831 et
321 1765 398 1852 quid
422 1767 558 1829 maxime
578 1765 738 1852 expediat,
755 1762 998 1829 Ecclesiasticus
1017 1762 1121 1829 docet.
1167 1765 1221 1826 Al·

268 1871 362 1945 tiore,
382 1868 498 1952 inquit,
521 1876 551 1930 te
572 1890 612 1932 ne
633 1868 804 1950 quesieris,
820 1877 852 1930 et
860 1868 1005 1949 fortiora
1027 1876 1068 1946 te,
1083 1888 1121 1928 ue
1141 1888 1221 1929 scrir-

268 1981 351 2034 tuus
361 1972 475 2053 fueris.
521 1971 605 2033 Ecce
630 1969 839 2034 temeritatem
867 1991 977 2033 eorum
999 1969 1137 2045 cohibet,
1162 1969 1217 2053 qui

268 2072 399 2137 Deificae
414 2071 580 2135 Trinitatis
595 2094 719 2148 arcana,
734 2086 767 2135 et
787 2095 824 2135 ea
843 2093 976 2158 quorum
999 2069 1077 2132 visio
1094 2071 1126 2132 in
1150 2071 1217 2132 vita

269 2188 386 2238 [eterna
402 2177 611 2258 promittitur,
627 2174 811 2237 irreverenti
828 2172 1015 2237 verbositate
1030 2172 1218 2236 discutiunt.

267 2273 375 2350 Unde,
405 2273 464 2336 etsi
493 2274 624 2337 seientia
654 2274 803 2338 videatur
832 2275 952 2361 augeri,
977 2273 1105 2338 devotio
1134 2288 1220 2337 certe

267 2374 429 2439 minuitur.
475 2374 518 2438 In
532 2378 740 2456 superuacuis,
757 2377 874 2463 inquit,
890 2377 987 2458 rebus,
1005 2379 1071 2439 noli
1088 2377 1222 2439 scrutari

268 2477 490 2558 multipliciter,
517 2489 545 2540 et
576 2480 609 2540 in
635 2479 783 2542 Pluribus
807 2487 872 2562 ejus
898 2480 1040 2562 operibus
1069 2501 1133 2542 non
1161 2481 1222 2542 eris

269 2582 414 2646 urriosus.
458 2582 578 2646 Multos
607 2584 686 2645 eninr
709 2585 922 2666 supplantavit
946 2585 1080 2669 suspicio
1109 2605 1221 2658 eorum,

269 2694 300 2748 et
330 2686 364 2747 iu
389 2685 528 2749 vanitate
556 2687 689 2749 detinuit
719 2709 821 2751 sensus
850 2710 963 2751 corum.
1008 2688 1073 2752 Hic
1097 2708 1223 2772 quoque

272 2784 400 2851 illorum
415 2787 577 2852 andaciam
595 2789 750 2875 reprimit,
766 2790 823 2875 qui
839 2789 1051 2854 sollicitantur
1066 2789 1107 2852 de
1125 2790 1224 2852 omni-

273 2889 345 2969 bus,
359 2903 391 2953 et
415 2890 526 2954 volunt
549 2889 588 2954 de
606 2891 760 2954 universis
784 2891 916 2955 reddere
939 2893 1104 2966 rationem,
1121 2913 1222 2974 quum

272 3006 394 3057 constet
417 2992 605 3058 auctoritate
630 2993 806 3057 Salomonis
827 2996 859 3056 in
883 2994 1115 3069 Ecclesiastice,
1136 2993 1222 3080 quod

272 3118 330 3159 nec
345 3096 483 3161 minimae
500 3096 555 3171 rei,
571 3117 644 3180 quae
660 3096 720 3159 sub
735 3096 816 3160 coelo
831 3110 890 3171 est,
906 3095 1021 3161 nedum
1038 3096 1225 3172 coelestium,

272 3211 329 3262 aut
360 3222 456 3283 supra
482 3198 669 3276 coelestium,
693 3197 816 3284 plenam
844 3199 943 3283 possit
971 3198 1066 3261 homo
1092 3197 1224 3261 reddere

272 3301 438 3364 rationem.
485 3300 585 3363 Porro
602 3300 633 3362 iu
661 3299 778 3385 quibus
800 3314 944 3385 oporteat
971 3297 1224 3385 philosophantis

271 3401 434 3484 ingenium
448 3402 597 3479 exerceri,
611 3403 713 3466 Filius
726 3405 845 3488 Syrach
859 3404 969 3467 docet:
994 3424 1063 3485 quae
1071 3403 1224 3487 precepit

271 3502 370 3577 Deus,
391 3492 494 3586 cupito
514 3503 571 3565 illu
589 3526 716 3585 semper,
738 3515 768 3567 et
791 3506 824 3568 in
841 3505 985 3586 plurilus
1004 3505 1148 3586 operibus
1162 3502 1224 3587 ejus

252 3618 255 3623 '
272 3623 336 3666 non
352 3605 413 3666 eris
427 3607 573 3670 curiosus.
620 3607 703 3683 Quia
717 3608 800 3670 enim
816 3607 857 3671 de
872 3607 977 3671 radice
992 3630 1152 3682 sensuum,
1169 3604 1224 3692 qui

273 3704 457 3790 frequenter
472 3704 640 3780 falluntur,
656 3708 786 3772 scientia
801 3722 918 3783 manat,
934 3724 966 3774 et
981 3708 1116 3794 decepta
1138 3707 1222 3772 intir-

273 3806 377 3887 mitas‚
391 3808 472 3894 quid
493 3809 643 3894 expediat
663 3832 776 3895 parum
798 3813 898 3891 novit,
912 3811 989 3874 data
1008 3824 1068 3887 est,
1084 3834 1141 3896 per
1163 3809 1224 3875 cie·

272 3909 421 3979 mentium
439 3912 512 3988 Dei,
527 3913 590 3986 lex,
607 3936 678 3998 qnae
696 3913 823 3979 utilium
843 3914 1004 3979 scientiam
1027 3914 1175 3999 aperiret,
1191 3928 1223 3977 et

273 4013 425 4079 indicaret
444 4014 484 4079 de
505 4016 586 4097 Deo,
601 4030 758 4101 quantum
782 4017 860 4080 scire
880 4017 966 4091 licet,
987 4030 1045 4080 aut
1067 4030 1224 4101 quantum

273 4119 403 4206 expedit
424 4143 577 4206 quaerere.
626 4121 686 4184 Illa
708 4121 802 4201 enim,
824 4121 963 4184 divinam
988 4120 1164 4206 potentiam
1192 4123 1224 4182 in

274 4225 441 4303 creatione,
465 4226 649 4311 sapientiam
672 4227 702 4288 in
727 4224 944 4310 dispositione,
964 4224 1137 4290 bonitatem
1159 4246 1225 4286 ma·

274 4328 403 4394 nilestat
430 4329 460 4392 in
484 4329 719 4395 conservatione
742 4350 860 4390 rerum.
907 4328 970 4392 Sed
998 4330 1067 4394 hac
1088 4328 1225 4391 maxime

274 4429 412 4492 eminent
429 4431 460 4494 in
484 4430 618 4495 hominis
638 4430 833 4513 reparatione
856 4429 1023 4515 redempti.
1073 4429 1227 4493 Volunta-
