2992 5592
266 792 326 854 180
521 809 657 852 rennuis
673 805 949 851 saansunmnusrs
1075 789 1160 869 [nin.
1177 806 1216 849 rr.

264 962 364 1043 ponit,
387 971 420 1021 et
442 957 700 1035 instrumentum,
722 979 788 1041 quo
809 956 865 1019 illa
887 956 1003 1032 utitur,
1026 957 1216 1022 manifestat.

267 1058 355 1120 Sicut
370 1058 452 1120 enim
477 1058 670 1122 Dialecticus
686 1057 842 1130 Elencho,
858 1078 954 1141 quem
979 1079 1037 1119 nos
1053 1061 1218 1122 reluctata

264 1160 351 1221 rium
374 1159 510 1220 dicimur
533 1161 758 1240 syllogismum,
781 1179 819 1218 eo
845 1156 931 1241 quod
959 1158 1218 1222 contradictionis

265 1270 331 1320 est:
357 1258 399 1320 sic
415 1271 446 1321 et
461 1258 532 1332 ista,
549 1257 723 1342 sophistico
738 1255 869 1319 elencho
886 1257 1009 1330 utitur;
1035 1262 1094 1342 qni
1110 1260 1218 1343 utique

265 1357 473 1441 imaginarius
492 1373 539 1422 est
561 1358 774 1443 syllogismus,
791 1382 829 1419 eo
850 1358 937 1443 quod
961 1381 1024 1421 non
1045 1360 1219 1424 contradic-

268 1459 363 1523 tionis
378 1474 437 1534 est,
450 1460 502 1522 sed
521 1459 655 1522 videtur.
688 1458 1025 1544 Paralogismus·enim
1042 1474 1101 1534 est,
1113 1461 1146 1524 id
1162 1473 1216 1531 est,

269 1560 471 1646 syllogismus
488 1561 675 1625 umbratilis.
722 1561 881 1646 Supponit
896 1577 928 1624 et
943 1583 1062 1643 genera
1077 1561 1217 1647 disputa·

269 1663 405 1742 tionum,
431 1678 467 1728 ut
497 1675 646 1750 appareat
678 1663 839 1746 quomodo
868 1684 954 1726 nunc
985 1663 1151 1729 docentem
1181 1687 1217 1726 ex

270 1766 445 1850 principiis,
461 1788 544 1827 nune
560 1789 597 1827 ex
616 1763 833 1849 probabilibus
853 1764 1068 1849 colligentem,
1084 1788 1167 1828 nunc
1181 1787 1218 1828 ex

271 1866 330 1944 his,
343 1890 417 1951 quac
428 1889 487 1928 non
500 1866 658 1942 videntur,
671 1864 846 1951 probabilia
858 1879 1059 1948 arguentem,
1073 1867 1160 1951 quod
1173 1878 1218 1929 est

270 1967 542 2045 demonstratoris,
564 1965 740 2043 Dialectici,
760 1981 792 2028 et
817 1967 983 2030 tentatoris
1004 1967 1154 2048 officium,
1175 1993 1220 2032 so-

271 2071 376 2152 phista
391 2069 543 2131 imitetur.
582 2069 616 2129 Is
630 2069 772 2152 inquam,
789 2070 845 2148 qui
861 2067 1030 2153 agonizans
1046 2068 1216 2154 litigiosam

270 2183 406 2244 exercet,
432 2170 540 2254 adjicit
568 2171 780 2254 sophistarum
809 2184 900 2233 notas
925 2171 1078 2256 quinque,
1103 2195 1219 2256 procu-

270 2268 1223 2353 rentiumquomodoadversarinsinredargutionemincidat,

270 2383 326 2433 aut
342 2369 469 2446 falsum,
484 2383 538 2433 aut
555 2369 759 2454 inopinabile,
777 2385 832 2433 aut
850 2373 1076 2447 soloecismum,
1092 2385 1148 2435 aut
1165 2394 1221 2436 nu-

270 2468 365 2551 gandi
383 2469 527 2554 ineptias.
573 2467 698 2533 Sufficit
719 2487 826 2533 autem
848 2469 1036 2549 cavillatori,
1051 2472 1076 2533 si
1099 2471 1148 2534 vel
1165 2472 1222 2534 hoc

270 2570 372 2633 lacere
389 2570 543 2633 videatur.
591 2570 765 2655 Snbjungit
781 2571 830 2633 his
851 2570 1005 2655 arguendi
1028 2573 1151 2650 modos,
1166 2575 1220 2658 qui

272 2674 393 2735 suntin
412 2673 565 2736 dictione:
590 2686 624 2735 ut
639 2672 859 2756 aequivocatio,
875 2671 1125 2757 amphibologia,
1141 2698 1222 2737 com-

271 2774 399 2859 positi0,
415 2774 541 2849 divisio,
556 2787 714 2848 accentuS,
728 2787 759 2836 et
776 2774 880 2857 ligura
902 2775 1067 2838 dictionis:
1092 2788 1125 2840 et
1148 2778 1220 2839 item

271 2900 336 2952 eos,
349 2877 407 2962 qui
423 2891 495 2940 sunt
508 2891 599 2940 extra
613 2876 793 2952 dictionem,
806 2889 842 2938 ut
858 2875 889 2938 in
906 2899 942 2938 ea
958 2877 1074 2959 specie,
1087 2899 1163 2959 qrrae
1177 2887 1223 2942 est

272 2981 449 3041 ara-undum
464 2981 623 3051 accidens,
639 2990 670 3039 et
693 2976 723 3038 in
746 2999 782 3038 ea
798 2999 862 3061 qna
883 2977 1081 3062 simpliciter,
1097 2979 1146 3041 vel
1163 3002 1221 3042 non

272 3080 455 3165 simpliciter
466 3081 597 3144 dieitur:
622 3092 653 3142 et
667 3078 761 3141 tertia
772 3101 846 3162 quae
855 3091 901 3141 est
915 3077 1090 3142 secundum
1103 3080 1222 3144 elenchi

273 3185 501 3265 ignorantiam:
533 3195 564 3246 et
590 3195 706 3266 quarta
739 3178 911 3242 secundum
946 3202 1161 3266 consequens:
1190 3195 1221 3245 et

273 3284 386 3367 quinta
407 3285 578 3348 secundum
602 3281 689 3367 quod
712 3294 758 3343 est
781 3280 812 3343 in
834 3284 997 3364 principio
1019 3302 1162 3355 sumere;
1193 3297 1223 3347 et

273 3398 373 3458 sexta,
396 3386 482 3471 quod
506 3399 553 3449 est
577 3408 639 3448 non
662 3405 787 3445 causam
813 3396 848 3446 ut
872 3405 997 3444 eausam
1025 3406 1163 3468 ponere:
1193 3399 1223 3448 et

273 3487 417 3567 septima,
432 3487 540 3570 plures
554 3486 815 3569 interrogationes
837 3507 930 3548 unam
947 3487 1060 3549 facere.
1109 3488 1224 3573 ltaque

274 3586 411 3671 qualiter
426 3602 637 3672 opponentem
654 3601 710 3651 aut
730 3586 970 3671 respondentem
986 3587 1018 3648 in
1042 3587 1092 3650 his
1107 3589 1222 3651 versari

272 3702 430 3772 oporteat,
451 3712 507 3773 per
528 3689 652 3771 singula
672 3690 779 3773 capita
796 3686 965 3769 diligenter
985 3689 1173 3772 exequitur,
1192 3703 1222 3751 et

273 3790 354 3853 sicut
388 3793 530 3874 optimus
561 3793 791 3871 campiductor,
825 3790 921 3862 hunc,
952 3787 993 3851 ad
1027 3787 1223 3853 inferendam

273 3913 428 3977 pugnam,
443 3891 545 3963 illum,
563 3890 691 3954 instruit
708 3892 747 3955 ad
765 3891 932 3954 cautelam.
965 3890 1073 3966 Quum
1095 3914 1172 3975 ergo
1186 3912 1227 3954 ex

274 3993 323 4055 his
344 3991 463 4077 liqueat
483 4014 557 4075 quae
577 3991 685 4053 adesse
706 3992 855 4066 debeant,
870 4013 945 4075 quae
966 3989 1087 4065 abesse,
1103 4004 1137 4055 et
1156 4014 1226 4077 pro·

274 4094 439 4167 babilium,
456 4117 530 4178 quae
546 4096 611 4155 sota
622 4093 737 4157 suffieit
754 4094 892 4155 hnmana
907 4091 1227 4178 infirmitascompre-

274 4195 422 4273 bendere,
444 4195 593 4280 patefacti
618 4198 679 4258 sint
703 4194 774 4273 loci,
793 4193 1019 4279 rationumque
1043 4209 1226 4259 nronstratae

273 4299 335 4360 sint
353 4294 533 4358 necessariae
549 4296 792 4379 complexiones,
804 4291 940 4354 docendi
956 4292 1019 4354 sint
1030 4294 1181 4369 rationes,
1196 4307 1226 4356 et

273 4398 332 4461 viae
347 4397 536 4482 explanatae,
553 4396 748 4461 fallaciarum
765 4392 889 4457 sublata
906 4393 969 4457 sint
984 4394 1226 4479 impedimenta,
