2992 5592
442 857 520 901 vrrs
536 858 651 902 ssucrr
666 859 824 903 sussum.
1046 845 1108 902 841

151 1009 232 1092 Cap.
254 1015 300 1071 la.
323 1008 493 1070 Anasi-mus
512 1011 647 1089 quiescit
667 1013 704 1072 iu
726 1012 916 1073 monasterio
937 1029 1019 1071 cuae
1042 1006 1107 1069 Dei

193 1117 330 1189 tempore
341 1112 440 1189 primi
454 1112 555 1172 esitii.
601 1111 653 1173 De
658 1113 802 1191 fulgure
816 1120 846 1174 et
851 1111 1009 1194 fulmine.
1054 1108 1107 1171 De

193 1216 291 1271 morte
312 1212 397 1289 regis
425 1211 573 1272 Willetmi
596 1211 645 1272 11.
683 1212 735 1273 De
757 1231 829 1289 rege
851 1210 1011 1272 Heurico.
1055 1207 1108 1270 De

192 1331 291 1372 causa
306 1331 440 1372 aucussu
455 1331 561 1373 coram
574 1332 663 1391 popo
679 1311 823 1373 Pascua!
840 1359 848 1374 .
894 1311 946 1372 De
960 1310 1107 1372 libertate

186 1412 322 1473 ecclesie
341 1411 464 1473 Curari
481 1411 742 1475 cantuariensis.

192 1595 284 1655 Exlu
307 1603 382 1676 post
404 1593 542 1656 triduum
565 1616 664 1677 quum
687 1592 837 1656 invitatus
861 1593 1102 1678 honorificeque

152 1705 320 1777 susceptus
337 1696 368 1755 in
385 1696 458 1756 loco
475 1695 657 1769 vonerabili,
674 1697 724 1757 eui
742 1695 826 1756 Casa
838 1695 899 1756 Dei
913 1716 1033 1757 nomen
1048 1706 1107 1773 est,

152 1794 192 1856 de
207 1808 303 1858 nocte
323 1795 520 1878 quiesceret3
546 1804 737 1877 tempestate
758 1795 868 1857 crebra
889 1816 948 1876 per
966 1806 1107 1856 montem

151 1895 276 1977 fulgura
301 1896 443 1971 volitant,
465 1907 497 1957 et
522 1897 664 1958 maximo
686 1897 827 1958 fulminis
850 1896 917 1959 ictu
935 1906 968 1957 et
990 1908 1106 1958 terrore

152 1996 295 2059 horribili
311 2017 407 2079 super
421 1996 563 2073 domum,
578 1996 611 2057 in
627 2018 690 2080 qua
709 1997 830 2059 soenum
845 1997 1029 2059 monasterii
1044 2018 1109 2058 ser·

153 2098 294 2177 sabatur,
313 2098 484 2179 plurimum
504 2097 590 2179 iguis
612 2097 792 2160 effundunt.
837 2098 961 2160 Vicinae
979 2097 1109 2180 corripi-

153 2209 250 2259 untur
265 2198 360 2274 aedeS,
376 2208 409 2260 et
431 2199 588 2260 horreret
610 2200 772 2280 strepitus,
787 2198 878 2260 soetet
897 2199 1001 2260 fumus
1017 2209 1107 2272 teter,

154 2298 280 2359 flamma
307 2299 419 2360 lucens
457 2300 567 2360 terruit
597 2300 760 2374 universos
792 2309 824 2361 et
852 2298 893 2360 ad
924 2299 1008 2361 saria
1036 2299 1110 2369 loca

154 2394 312 2478 dispersit.
358 2395 503 2459 Audiens
518 2409 623 2459 autem
643 2410 732 2481 pater
748 2399 919 2460 Auselmus
938 2397 1110 2463 invaluisse

153 2494 335 2559 incendium
347 2520 355 2572 ;
379 2499 398 2529 “
410 2495 529 2571 robis,’'
544 2499 659 2580 inquit,
674 2500 694 2531 “
706 2499 950 2581 provideamus3

259 2619 287 2670 N
289 2637 331 2670 am
343 2625 388 2671 tus
400 2637 441 2670 res
452 2620 548 2685 agitur,
560 2619 644 2688 paries
657 2636 735 2686 quum
749 2617 881 2687 proximus
892 2617 967 2667 ardet
974 2615 1001 2680 ;'’

155 2753 362 2815 egressusque
393 2731 488 2794 citius
517 2730 605 2790 venit
639 2729 681 2790 ad
711 2729 829 2807 ignem,
857 2729 952 2810 eique
982 2729 1109 2810 signum

155 2832 290 2895 vivificae
307 2832 412 2895 crucis
427 2829 587 2911 apposuit.
619 2828 747 2890 Corruit
762 2850 836 2909 ergo
851 2829 946 2908 ignis,
961 2830 1109 2914 ipsasque

156 2955 236 3016 quas
262 2934 420 2995 invaserat
445 2932 602 3007 languens
631 2929 759 3011 reliquit
788 2929 918 2992 domos:
953 2942 995 3006 et,
1021 2932 1110 3014 quod

155 3035 259 3112 magis
280 3032 395 3096 mirum
418 3039 476 3105 est,
491 3029 684 3111 quibusdam
701 3030 733 3090 in
754 3031 890 3093 circuitu
911 3034 1111 3114 consumptis

156 3131 306 3199 domibus
328 3132 373 3192 nil
396 3131 538 3193 loesionis
560 3132 665 3193 attulit
687 3131 775 3194 soeno
798 3133 1036 3210 monachorum,
1055 3135 1112 3216 qui

155 3236 257 3296 rimm
270 3233 334 3294 Dei
346 3232 508 3296 habebant
522 3232 692 3313 hospitem.
724 3233 756 3294 N
758 3254 795 3294 ec
808 3254 904 3309 mora,
917 3234 1113 3314 Lugdunum

156 3356 301 3402 resersus
323 3334 459 3396 nuncios
485 3333 605 3414 recepit
632 3335 672 3395 ab
699 3334 817 3414 Anglia
841 3335 923 3414 regis
947 3336 1111 3399 interitum

157 3436 366 3511 nunciantes;
401 3445 433 3497 et
461 3434 623 3516 quomodo
651 3456 764 3498 manus
788 3437 920 3499 Domini
945 3438 1113 3517 gloriosam

150 3538 244 3603 ,illum
268 3537 412 3600 ecclesiae
435 3557 500 3598 suae
523 3548 711 3598 exercuerat
732 3538 899 3599 ultionem.
944 3540 1113 3623 Siquidem

159 3635 300 3700 secunda
333 3635 385 3698 die
418 3637 538 3698 mensis
569 3637 718 3717 Augusti,
749 3661 821 3721 quae
857 3653 931 3722 post
961 3642 1113 3705 visionem

159 3736 310 3817 Lugduni
336 3737 453 3798 saetam
480 3736 599 3812 illuxit,
625 3738 710 3799 idem
737 3760 795 3800 rex
822 3741 855 3802 in
882 3743 1014 3824 sylvam,
1040 3765 1113 3825 quae

161 3837 253 3901 Nora
269 3838 399 3899 Foresta
416 3852 544 3899 vocatur
565 3840 605 3899 ab
621 3839 746 3915 incolis,
763 3853 910 3906 renatum
932 3866 1024 3906 mane
1041 3864 1113 3925 pro·

159 3938 262 4000 sectus
277 3949 345 4011 est;
371 3937 480 4018 ibique
496 3937 528 3997 in
545 3939 643 3999 latere
659 3938 805 4019 sagittam
827 3943 1003 4023 excipiens,
1018 3939 1114 4001 corde

161 4038 302 4100 sauciato
313 4038 570 4119 emisitspiritum
582 4060 683 4100 suum.
709 4038 761 4100 Sic
778 4041 824 4101 sic
844 4042 982 4120 patiente
993 4038 1115 4099 Basilio

159 4138 247 4200 letali
262 4138 327 4199 telo
342 4136 382 4199 ad
402 4138 655 4200 consolationem
675 4140 821 4200 ecclesio
837 4139 1002 4218 perimitur
1015 4133 1035 4196 J
1039 4137 1115 4199 ulia-

160 4260 240 4308 nus;
266 4249 299 4299 et
314 4239 412 4299 altero
426 4239 447 4299 J
450 4238 557 4299 uliano
573 4250 737 4320 perempto
756 4238 788 4299 in
804 4238 930 4316 Anglia,
946 4238 987 4300 ad
1002 4259 1117 4301 conso·

159 4339 311 4401 lationem
333 4339 491 4400 Ecclesiae
514 4350 680 4400 revocatur
699 4341 879 4400 Anselmus.
925 4339 1004 4414 Quis
1023 4341 1115 4403 alter-

161 4449 265 4503 utrum
279 4413 401 4500 miserit
413 4436 636 4513 telum,adhuc
647 4438 801 4500 incertum
812 4450 860 4500 est
870 4438 1009 4521 quidem.
1034 4441 1119 4516 Nam
