2992 5592
371 795 435 854 878
615 803 758 850 ioannis
772 799 1054 846 messanamque

372 958 549 1041 exprimere
578 953 725 1017 videntur
753 954 787 1015 in
817 953 969 1034 passione
999 951 1188 1017 dicentem:
1222 953 1256 1015 Si
1283 974 1328 1015 me

373 1056 525 1144 queritis,
540 1055 634 1120 sinite
649 1054 711 1117 hos
725 1051 836 1117 abire?

415 1158 478 1222 His
492 1155 597 1234 dictis,
610 1154 724 1218 videns
738 1153 907 1219 carnifices
921 1153 1049 1218 eductis
1070 1154 1202 1237 gladiis,
1219 1156 1252 1218 in
1267 1177 1327 1218 mo·

372 1258 447 1323 dnm
478 1257 600 1321 orantis
624 1256 793 1319 inclinavit
818 1266 926 1338 caput,
950 1256 1021 1318 haec
1052 1258 1233 1320 novissima
1260 1278 1328 1341 pro·

372 1358 476 1421 ferens
488 1358 601 1420 verba:
625 1356 645 1390 “
662 1352 736 1418 Deo
757 1365 790 1417 et
804 1355 907 1417 beatae
922 1356 1036 1418 Mariae
1052 1367 1086 1419 et
1101 1356 1227 1419 sanctis
1240 1355 1327 1438 hujus

374 1458 522 1521 eeclesias
546 1456 700 1542 patronis,
722 1466 755 1519 et
780 1457 875 1518 beato
900 1454 1030 1536 martyri
1058 1456 1224 1539 Dionysio
1248 1478 1326 1520 corn·

374 1557 494 1621 mendo
509 1579 560 1620 me
574 1559 681 1639 ipsum
696 1566 728 1619 et
742 1556 889 1620 ecclesis
905 1576 1046 1619 causam.

419 1660 544 1724 Cretera
565 1659 638 1742 quis
655 1660 725 1721 sine
747 1657 903 1739 suspiriis,
922 1657 1118 1735 singultibus
1138 1667 1173 1720 et
1191 1658 1327 1721 lacrimis

376 1759 511 1824 reserat?
555 1759 689 1840 Singula
708 1759 860 1841 prosequi
879 1759 982 1841 pietas
1004 1778 1070 1819 non
1090 1759 1327 1842 permittitque

375 1862 544 1928 carnifices
558 1860 780 1924 immanissimi
803 1861 867 1922 Dei
883 1859 994 1921 timore
1013 1870 1202 1943 contempto
1217 1873 1250 1924 et
1269 1873 1327 1924 tam

376 1960 450 2029 fidei
474 1984 570 2046 quam
591 1963 690 2025 totius
710 1961 920 2024 humanitatis
941 1961 1147 2024 immemores
1165 1963 1328 2025 commise-

375 2074 459 2129 ruut.
504 2066 580 2128 Non
602 2065 688 2127 enim
712 2059 837 2127 suffecit
858 2062 897 2124 iis
920 2063 1075 2143 sanguiue
1101 2066 1277 2127 sacerdotis
1300 2078 1330 2128 et

376 2187 456 2229 nece
478 2167 644 2250 profanare
667 2165 835 2229 ecclesiam
859 2173 892 2226 et
911 2162 997 2226 diem
1018 2166 1267 2229 sacratissimum
1287 2169 1330 2229 in-

376 2278 509 2340 cestare,
535 2265 597 2329 nisi
623 2288 743 2330 corona
768 2266 894 2348 capitiS,
920 2286 1016 2348 quarn
1046 2267 1129 2328 sacri
1155 2268 1329 2330 chrismatis

376 2367 487 2430 unctio
503 2369 576 2429 Deo
592 2367 763 2444 dicaverat,
778 2375 954 2448 amputata,
970 2367 1055 2450 quod
1071 2379 1105 2430 et
1123 2367 1214 2432 dictu
1233 2369 1328 2432 horri-

375 2464 442 2532 bile
457 2478 516 2542 est,
531 2467 668 2530 funestis
683 2467 800 2547 gladiis
818 2467 888 2552 jam
913 2469 1055 2531 defuncti
1074 2469 1230 2554 ejicerent
1249 2492 1330 2534 cere-

377 2571 469 2632 brum
485 2578 517 2632 et
530 2589 587 2652 per
601 2568 820 2651 pavimentum
840 2588 914 2630 cum
934 2589 1045 2631 cruore
1066 2581 1100 2632 et
1121 2569 1249 2635 ossibus
1263 2593 1329 2635 cru-

378 2669 541 2735 delissime
556 2677 753 2754 spargerent,
768 2670 971 2733 immaniores
991 2669 1112 2732 Christi
1132 2671 1329 2735 crucifixori-

378 2773 440 2835 bus
456 2770 513 2854 qui
527 2771 595 2855 ejus
609 2761 822 2853 emar,‘quem
838 2771 939 2833 obiise
955 2769 1110 2847 videraut,
1125 2773 1210 2835 sicut
1228 2773 1330 2837 adhuc

377 2872 564 2949 visentium,
585 2890 650 2932 non
673 2883 866 2935 censuerunt
888 2892 958 2935 esse
979 2871 1166 2953 frangenda
1213 2870 1277 2937 Sed
1301 2874 1330 2936 in

378 2974 430 3036 bis
444 2972 592 3036 omuibus
612 2971 819 3050 cruciatibus,
833 2971 945 3035 invicti
967 2973 1066 3034 animi
1088 2985 1121 3036 et
1139 2973 1331 3038 admirande

378 3076 568 3139 constantiae
583 3084 712 3155 martyr,
726 3095 787 3136 nec
809 3076 938 3137 verbum
959 3074 1007 3137 vel
1027 3075 1199 3140 clamorem
1219 3078 1332 3154 emisit,

378 3197 444 3238 non
460 3173 561 3237 edidit
575 3174 740 3254 gemitum,
755 3196 814 3238 nec
830 3176 995 3238 brachium
1016 3188 1071 3240 aut
1090 3189 1212 3242 vestem
1233 3200 1331 3263 oppo-

378 3276 442 3338 suit
464 3273 598 3348 ferienti,
621 3273 678 3335 sed
701 3286 811 3356 caput,
832 3274 918 3358 quod
933 3275 1122 3339 inclinatum
1146 3278 1263 3357 gladiis
1278 3300 1332 3341 ex·

377 3385 540 3458 posuerat,
569 3369 672 3436 donec
703 3390 981 3439 consummaretur
1002 3378 1133 3441 tenebat
1155 3379 1332 3444 immobile.

377 3478 527 3560 Denique
541 3476 575 3537 in
596 3485 709 3539 terram
732 3475 904 3559 procidens
926 3490 1010 3540 recto
1033 3498 1178 3563 corpore,
1192 3502 1258 3543 nou
1278 3502 1331 3565 pe·

377 3578 450 3642 dem
477 3578 577 3641 movit
601 3593 657 3642 aut
681 3597 812 3642 manum
837 3579 958 3643 sicariis
983 3581 1214 3646 insultantibus
1239 3605 1273 3646 se
1298 3584 1330 3646 in

376 3688 482 3757 strage
497 3678 668 3759 proditoris
679 3702 793 3761 pacem
806 3681 918 3766 patriae
929 3678 1120 3765 prodidisse.
1158 3682 1331 3748 carnifices

376 3790 481 3843 autem
496 3799 562 3840 nou
578 3780 685 3843 minus
701 3783 812 3865 cupidi
829 3806 925 3868 quam
945 3785 1101 3862 cmdeles,
1115 3784 1192 3848 inde
1213 3802 1277 3850 tam
1296 3787 1327 3848 in

376 3881 472 3964 regiae
488 3881 655 3964 potestatis
671 3903 765 3963 quam
788 3884 906 3948 divinae
927 3886 1101 3970 majestatis
1120 3885 1268 3969 injuriam
1288 3886 1330 3949 ad

376 3983 524 4048 ecclesiae
539 3981 691 4065 palatium
704 3981 885 4062 redeuntes,
897 3987 1078 4050 universam
1090 3983 1330 4070 supeltectilem,

377 4096 409 4148 et
432 4082 586 4167 quicquid
609 4084 644 4146 in
667 4084 791 4148 scriniis
812 4097 868 4148 aut
890 4088 1019 4150 clitellis
1041 4084 1279 4173 archiepiscopi
1300 4101 1331 4152 et

377 4206 505 4248 suorum
527 4185 632 4266 potuit
651 4187 799 4260 inveniri,
815 4186 882 4251 sive
905 4188 940 4251 in
959 4207 1035 4251 auro
1051 4190 1119 4251 sive
1142 4191 1176 4252 in
1192 4201 1331 4271 argento,

375 4296 431 4349 aut
460 4287 600 4350 vestibus
629 4300 685 4352 aut
714 4290 806 4351 variis
834 4291 1039 4367 ornamentis,
1063 4301 1119 4353 aut
1151 4290 1244 4355 libris
1278 4303 1331 4355 ent

374 4388 549 4471 privilegiis
564 4399 619 4450 aut
634 4389 704 4451 aliis
720 4390 963 4475 quibuscunque
984 4390 1111 4474 scriptis
1131 4403 1188 4455 aut
1207 4394 1327 4477 equita·
