2992 5592
266 814 447 894 canaria]
614 832 856 879 unraaoorcus.
1173 822 1212 881 91

266 986 310 1051 his
329 1005 474 1071 quorum
496 996 569 1046 suut
590 983 821 1061 substantialia,
835 981 941 1048 denuo
961 982 1127 1069 colligunt,
1145 985 1214 1049 uui·

268 1086 397 1151 versalia
421 1083 651 1169 singularibus,
677 1085 764 1170 quod
793 1085 833 1148 ad
860 1085 1038 1161 essentiam,
1066 1085 1215 1151 unienda.

266 1188 456 1254 Partiuntur
466 1187 576 1271 itaque
587 1185 780 1250 statuaduce
794 1189 936 1252 Gautero
946 1189 984 1251 de
994 1189 1217 1267 Mauritania,

267 1303 293 1353 et
310 1289 492 1366 Platonem,
501 1285 534 1349 in
545 1286 683 1373 eoquod
699 1287 792 1352 Plato
802 1298 861 1365 est,
873 1289 985 1353 dicunt
996 1288 1215 1365 individuum

267 1391 295 1455 in
310 1388 455 1476 eoquod
473 1389 578 1467 homo,
589 1388 740 1474 speciem:
757 1391 789 1454 in
805 1414 843 1454 eo
858 1390 946 1476 quod
961 1391 1088 1470 animal,
1098 1415 1216 1476 genus3

269 1492 320 1556 aed
341 1490 585 1555 subalternum:
609 1491 701 1554 ineo
725 1491 810 1578 quod
838 1492 1029 1568 substantia,
1052 1492 1221 1577 generalis·

270 1595 395 1658 dmum.
442 1592 570 1657 Habuit
591 1593 660 1657 baec
681 1593 790 1680 opinio
809 1594 935 1679 aliquos
954 1607 1141 1659 assertores:
1164 1594 1218 1658 sed

270 1695 391 1782 pridem
422 1694 504 1757 hanc
534 1693 641 1759 nullus
670 1697 849 1782 profitetur.
916 1694 976 1758 llle
1005 1695 1092 1760 ideas
1121 1694 1222 1782 pouit,

273 1797 437 1862 Platonem
460 1795 639 1872 aemulatus,
661 1811 694 1861 et
720 1797 848 1861 imitans
875 1797 1073 1860 Bernardum
1102 1798 1222 1861 Carno-

271 1912 401 1978 tensem,
430 1910 464 1961 et
494 1897 571 1964 nihil
600 1911 718 1985 praeter
747 1923 811 1971 eas,
843 1920 946 1983 genus
975 1896 1051 1962 dicit
1079 1922 1146 1963 esse
1172 1898 1222 1962 vel

272 1996 416 2082 speciem.
447 1998 508 2061 Est
519 2010 624 2060 autem
641 1996 724 2074 idea,
735 1997 817 2061 sicut
831 1999 949 2060 Seneca
963 1998 1085 2079 definit,
1099 2020 1223 2080 eorum,

273 2121 343 2183 quae
366 2111 485 2162 natura
507 2097 587 2163 fiunt
608 2101 772 2182 exemplar
793 2113 958 2165 aeternum.
1004 2102 1049 2165 Et
1069 2103 1220 2186 quoniam

273 2198 461 2264 universalia
484 2201 679 2286 corruptioni
706 2223 768 2264 non
796 2202 971 2288 subjacent,
995 2225 1052 2266 nec
1082 2203 1223 2269 motibus

273 2301 458 2377 alterantur,
481 2301 602 2387 quibus
625 2316 793 2366 moventur
815 2303 998 2389 singularia,
1012 2318 1044 2368 et
1067 2305 1158 2392 quasi
1181 2304 1222 2368 ad

274 2416 483 2479 momentum,
505 2402 575 2466 aliis
597 2404 850 2482 succedentibus,
876 2406 939 2468 alia
967 2405 1126 2482 defluunt,
1149 2428 1223 2492 pro·

275 2508 342 2591 prie
357 2518 389 2570 et
408 2527 481 2568 vere
496 2503 649 2569 dicuntur
669 2529 735 2569 esse
751 2506 947 2571 universalia.
994 2508 1159 2594 Siquidem
1174 2532 1225 2575 res

275 2607 410 2693 singulae
440 2607 529 2671 verbi
560 2608 750 2672 substantivi
787 2610 1023 2694 nuncupatione
1051 2610 1225 2675 creduntur

275 2709 428 2795 indignae,
456 2730 557 2795 quum
587 2731 787 2795 nequaquam
817 2723 911 2784 stent,
940 2722 972 2774 et
1001 2710 1136 2796 fugiant,
1168 2731 1225 2775 nec

276 2824 445 2895 expectent
480 2810 742 2897 appellationem:
783 2811 863 2876 adeo
898 2833 1034 2897 namque
1063 2810 1227 2875 variantur

277 2910 503 2997 qualitatibus,
526 2911 733 2996 temporibus,
760 2910 845 2986 loeis,
871 2923 904 2974 et
929 2910 1125 2976 multimodis
1154 2931 1226 2992 pro-

278 3011 480 3098 prietatibus,
495 3024 532 3074 ut
552 3024 653 3076 totum
677 3035 744 3075 esse
763 3033 872 3076 eorum
894 3033 954 3075 non
977 3023 1078 3076 status
1093 3009 1226 3086 stabilis,

282 3113 335 3177 sed
351 3112 512 3179 mutabilis
522 3112 653 3199 quidem
670 3113 823 3178 transitus
839 3112 994 3177 videatur.
1018 3114 1098 3175 Esse
1109 3123 1228 3190 autem,

282 3215 387 3302 iuquit
411 3215 577 3294 Boethius,
599 3239 637 3281 ea
659 3215 807 3292 dicimus,
834 3236 908 3300 quae
930 3236 1033 3299 neque
1055 3211 1228 3277 intensione

281 3331 437 3395 crescunt,
463 3340 565 3402 neque
590 3318 781 3382 retractione
807 3318 1006 3390 minuuntur,
1029 3315 1083 3380 sed
1106 3337 1228 3401 semper

281 3439 345 3484 suoe
360 3433 486 3484 naturae
506 3420 642 3484 subnixa
662 3419 812 3484 subsidiis
827 3442 892 3483 sese
907 3418 1101 3484 custodiunt.
1148 3418 1229 3482 Haec

282 3535 389 3586 autem
414 3533 489 3586 sunt
511 3521 717 3606 quantitates,
740 3521 920 3607 qualitates,
946 3520 1123 3596 relationes,
1150 3519 1230 3596 loca,

284 3634 438 3706 tempora,
474 3621 689 3697 habitudines,
727 3637 760 3687 et
802 3621 958 3708 quicquid
996 3621 1231 3708 quodammodo

283 3722 458 3787 adunatum
482 3723 669 3809 corporibus
690 3724 862 3788 invenitur.
914 3725 993 3800 Qua
1013 3723 1142 3809 quidem
1163 3744 1231 3786 cor·

284 3825 414 3912 poribus
436 3825 589 3911 adjuncta
609 3827 726 3891 mutari
742 3826 908 3890 videntur:
934 3825 1035 3890 sedin
1053 3839 1167 3890 natura
1182 3824 1232 3888 sui

285 3926 497 3992 immutabilia
516 3943 711 4014 permanent.
758 3929 809 3991 Sic
824 3941 856 3992 et
872 3950 977 3991 rerum
998 3928 1117 4015 species
1132 3941 1233 3992 trans-

285 4030 432 4094 euntibus
470 4030 642 4095 individuis
678 4042 864 4117 permanent
900 4030 1041 4103 eaedem3
1080 4026 1233 4115 quemad·

285 4131 416 4196 modum
439 4131 730 4220 praeterfluentibus
752 4133 858 4209 nudis,
875 4141 979 4198 motus
998 4138 1105 4196 omnis
1127 4136 1235 4192 manet

286 4237 320 4297 in
329 4239 493 4322 flumine:
517 4256 589 4297 nam
605 4249 636 4299 et
651 4235 733 4298 idem
756 4235 883 4299 dicitur.
931 4234 1027 4298 Unde
1047 4229 1124 4294 illnd
1146 4228 1234 4311 apud

289 4336 450 4416 Senecam,
475 4335 623 4413 (alienum
652 4337 771 4417 tamen)
802 4337 851 4397 bis
874 4339 910 4396 in
934 4337 1014 4396 idem
1025 4334 1155 4416 stramen
1184 4329 1236 4393 de-

287 4441 480 4515 condimus,
505 4445 536 4501 et
559 4457 623 4500 non
649 4440 877 4501 descendimus.
925 4438 986 4498 llae
1013 4442 1118 4494 autem
1147 4428 1235 4512 idea,
