2992 5592
290 773 354 836 200
558 785 694 832 Joinms
711 785 995 832 sinasnnmausrs
1100 767 1184 847 [rm.
1200 787 1241 833 rr.

334 1075 413 1160 Cap.
430 1081 480 1140 39.
504 1075 557 1139 De
570 1075 765 1137 cohaerentia
780 1075 917 1136 rationis
930 1079 962 1136 et
977 1076 1146 1147 veritatis3
1169 1081 1200 1136 et

549 1177 683 1240 breviter
697 1177 778 1257 quid
792 1182 976 1258 utrumque.

333 1349 481 1410 Vnurrss
495 1357 614 1425 autem,
631 1349 690 1409 luc
704 1349 820 1410 mentia
834 1358 895 1422 est,
907 1359 939 1409 et
955 1344 1089 1408 materia
1103 1344 1242 1408 rationis.

291 1448 387 1511 Hanc
408 1446 497 1510 Deus
521 1445 752 1520 universaliter,
775 1445 917 1531 Angelus
939 1444 1177 1531 particulariter
1197 1448 1242 1510 in·

291 1560 422 1613 tuetur:
446 1546 541 1612 homo
555 1562 675 1629 autem,
689 1549 784 1612 etiam
805 1547 1065 1632 perfectissimus,
1080 1569 1140 1632 pro
1155 1562 1242 1634 parte

290 1648 414 1712 modice
442 1650 550 1724 videt;
589 1649 643 1714 sed
670 1672 737 1735 quo
762 1649 942 1734 perfectior,
964 1673 1002 1711 eo
1025 1649 1165 1736 amplius
1190 1673 1243 1735 np-

290 1751 383 1838 petit.
429 1754 511 1816 Haec
531 1766 576 1816 est
599 1751 742 1816 soliditas
764 1751 964 1815 certitudinis
978 1752 1009 1814 in
1026 1775 1092 1837 qua
1115 1752 1243 1815 rationis

290 1852 377 1940 viget
402 1877 544 1920 examen.
589 1853 680 1918 Tolle
702 1857 804 1918 lucem
828 1867 860 1917 et
884 1853 1088 1927 soliditatem,
1112 1854 1243 1917 frustra-

290 1955 414 2019 buntur
437 1955 524 2020 visus
550 1967 582 2019 et
609 1968 733 2026 tactus;
770 1955 852 2018 sicut
879 1968 911 2019 et
936 1957 967 2019 in
993 1954 1062 2018 aliis
1085 1956 1241 2030 sensibus,

292 2079 380 2133 sono,
397 2056 446 2119 vel
468 2056 577 2131 odore,
593 2056 644 2120 vel
660 2080 771 2142 sapore
794 2057 969 2121 subtracto.
1014 2056 1115 2119 Simili
1133 2057 1240 2133 modo,

289 2158 390 2220 omnis
405 2181 515 2223 sensns
536 2159 668 2223 rationis
682 2159 904 2239 frustrabitur,
918 2159 1048 2223 veritate
1068 2159 1239 2223 subducta.

289 2260 488 2324 Contrarium
519 2284 591 2324 vero
613 2263 693 2347 ejus,
715 2275 762 2326 est
789 2267 909 2327 veritas
934 2285 987 2325 seu
1004 2265 1160 2345 fulcitus,
1183 2278 1240 2327 aut

288 2360 397 2424 inane:
422 2362 521 2446 qnod,
537 2363 619 2426 sicut
635 2363 838 2449 philosophia
861 2365 986 2450 probat,
1001 2364 1033 2426 in
1049 2364 1147 2428 rebus
1162 2366 1240 2429 nibil

288 2474 345 2527 est.
377 2463 473 2526 Unde
485 2476 516 2527 et
529 2463 722 2549 quibusdam
736 2464 869 2549 placuit,
880 2469 990 2541 inane,
1004 2465 1095 2528 litera
1107 2482 1240 2546 mutata,

287 2563 349 2627 dici
365 2567 458 2650 quasi
472 2569 587 2642 inune,
604 2566 723 2629 scilicet
743 2567 830 2651 quod
846 2581 972 2631 nonest
989 2590 1099 2632 unum.
1145 2569 1239 2644 Quod

287 2680 394 2730 autem
411 2689 474 2731 non
489 2679 549 2745 est,
562 2666 641 2732 nihil
656 2681 712 2732 est.
758 2671 820 2732 Est
835 2683 941 2733 autem
959 2667 1112 2753 primaeva
1124 2672 1238 2735 veritas

286 2770 319 2834 in
335 2772 500 2856 majestate
516 2769 635 2835 divina.
665 2770 737 2834 Alia
751 2794 824 2835 vero
839 2783 897 2846 est,
911 2794 985 2856 quae
999 2772 1032 2835 in
1049 2773 1238 2837 Divinitatis

286 2872 429 2937 consistit
452 2870 600 2958 imagine,
617 2873 651 2936 id
667 2887 726 2952 est,
741 2873 772 2936 in
797 2873 982 2938 imitatione.
1027 2875 1139 2938 Omnis
1154 2875 1236 2938 enim

285 2997 347 3052 τρε,
370 2989 460 3040 tanto
483 2975 587 3039 verius
608 2989 669 3053 est,
691 2988 813 3060 quanto
835 2974 1004 3058 imaginem
1028 2977 1091 3040 Dei
1113 2975 1238 3040 fidelius

284 3076 453 3163 exprimit:
477 3090 510 3141 et
526 3090 647 3164 quanto
662 3077 703 3140 ab
718 3101 756 3140 ea
771 3078 872 3162 magis
886 3076 1005 3155 deficit,
1020 3092 1111 3142 tanto
1126 3078 1235 3143 falsius

284 3181 450 3246 evanescit
495 3181 620 3267 Utique
636 3179 679 3243 sic
696 3194 732 3245 ut
747 3180 842 3245 homo
857 3180 990 3244 vanitati
1012 3179 1122 3244 similis
1137 3181 1238 3245 lactus

283 3294 342 3358 est,
366 3295 398 3346 et
421 3282 489 3345 dies
510 3283 580 3367 ejus
602 3283 685 3346 sicut
707 3282 820 3345 umbra
843 3295 1047 3367 praetereunt.
1094 3282 1169 3345 Non
1191 3295 1237 3346 est

284 3394 392 3444 autem
415 3384 540 3458 umbra,
564 3383 624 3447 nisi
645 3388 703 3450 lux
726 3382 866 3468 corporis
888 3382 997 3468 aliquo
1020 3384 1238 3469 praepediatur

282 3483 468 3548 obstaculo:
508 3500 540 3549 et
570 3487 725 3571 quasdam
760 3484 882 3550 inducit
920 3486 1065 3550 tenebras
1096 3486 1238 3551 absentia

283 3583 372 3648 lucis.
417 3587 509 3671 Ergo
535 3588 677 3652 veritatis
701 3588 771 3652 luce
797 3587 933 3664 sublata,
958 3591 1074 3652 erroris
1100 3591 1237 3654 tenebrae

282 3685 498 3752 invalescunt:
522 3711 610 3752 error
626 3712 700 3752 vero
718 3689 811 3754 fallit.
848 3689 945 3754 Unde
959 3710 992 3754 et
1008 3690 1150 3755 veritatis
1164 3715 1236 3755 oon·

282 3788 425 3865 trarium,
453 3813 472 3853 a
500 3790 642 3854 sallendo
666 3796 808 3877 falsitas
836 3795 1035 3857 nominatur:
1075 3793 1149 3878 qnia
1177 3794 1235 3879 qui

279 3889 422 3954 ambulat
448 3889 480 3954 in
507 3891 657 3972 tenebris,
686 3893 786 3958 nescit
815 3916 880 3979 quo
910 3893 1018 3958 vadat.
1065 3895 1233 3979 Proprium

278 3992 407 4079 quidem
426 3993 566 4058 veritatis
581 4008 640 4070 est,
657 3995 764 4059 fovere
782 3996 947 4075 rationem,
963 4007 996 4059 et
1016 3994 1186 4074 illustrare,
1201 4009 1234 4060 et

278 4095 431 4162 solidare:
455 4096 537 4161 sicut
558 4098 699 4173 rationis,
721 4120 876 4184 quaerere,
897 4101 1022 4184 assequi
1036 4113 1067 4162 et
1083 4098 1232 4180 amplecti

276 4198 452 4263 veritatem.
493 4199 575 4261 Nam
593 4212 624 4263 et
641 4199 696 4262 lux
709 4198 857 4280 exterior,
870 4214 905 4265 ut
921 4200 1043 4265 dictum
1060 4219 1118 4278 est,
1129 4202 1231 4265 visum

275 4300 380 4363 fovet:
406 4323 454 4364 res
470 4300 571 4364 solida
586 4300 712 4363 roborat
733 4313 864 4365 tactum.
908 4303 1010 4365 Porro
1025 4303 1094 4366 baec
1108 4302 1141 4366 in
1159 4303 1230 4365 Deo

275 4422 385 4475 unum,
409 4403 484 4486 qnia
507 4402 599 4481 ratio,
622 4415 653 4465 et
676 4399 810 4465 verbum
832 4414 999 4482 aternum,
1021 4403 1062 4467 de
1085 4427 1118 4467 se
1141 4403 1231 4486 dicit,
