2992 5592
407 815 448 872 48
663 823 798 869 Joaunrs
813 823 1093 869 saansaanrausra
1234 804 1313 884 [ura.
1328 825 1347 870 1.

406 972 484 1038 dum
510 974 714 1059 aliquatenus
741 974 862 1040 recedit
886 975 929 1037 ah
952 987 1099 1057 utroque,
1124 994 1189 1036 nou
1213 974 1299 1039 cadit
1319 975 1348 1038 in

405 1076 591 1139 alterutrius
616 1075 781 1138 rationem.
826 1077 945 1138 Omnes
967 1074 1075 1159 itaque
1101 1087 1285 1159 sequuntur
1308 1097 1352 1138 ar·

407 1191 483 1254 tem,
506 1176 583 1259 quia
604 1177 808 1261 praecipitum
831 1174 990 1239 declinant
1008 1175 1134 1251 vitium,
1156 1175 1234 1259 quin
1252 1176 1352 1260 prohi-

407 1276 519 1342 betur:
544 1279 597 1342 sed
614 1277 758 1342 nonnulli
773 1277 883 1361 figuris
899 1289 1045 1352 utuntur,
1057 1276 1133 1362 quia
1148 1276 1352 1361 permittitur.

408 1379 490 1443 Nam
515 1382 599 1444 inter
623 1379 710 1459 vitia,
733 1381 979 1443 Barbarumum
1004 1376 1134 1448 scilicet,
1158 1389 1192 1441 et
1217 1379 1354 1444 Solensis·

408 1503 506 1556 mum,
533 1495 565 1546 et
591 1497 703 1557 artem,
728 1504 801 1566 qnae
829 1481 929 1545 virtus
954 1478 1072 1564 eloquii
1097 1490 1146 1543 est
1175 1492 1210 1543 et
1238 1503 1354 1559 norma,

407 1582 531 1667 figurae,
549 1598 582 1647 et
605 1582 767 1647 schemata
790 1593 874 1645 sunt.
918 1581 1155 1663 Metopleemua
1178 1580 1354 1657 scilicet,ei

408 1684 530 1749 ratione
549 1697 697 1769 peccetur
716 1683 748 1745 in
766 1683 883 1746 verbo:
907 1685 1042 1759 schema,
1061 1681 1087 1743 si
1110 1703 1149 1744 ex
1171 1703 1267 1745 causa
1287 1704 1355 1768 pro·

408 1781 507 1846 babili
522 1782 672 1847 delictum
694 1782 735 1846 sit
756 1781 788 1844 in
809 1792 961 1844 contextu
975 1779 1153 1844 verborum.
1200 1781 1263 1845 Est
1277 1781 1354 1846 enim

408 1896 491 1949 teste
522 1883 657 1959 Isidoro,
687 1884 790 1966 figura
815 1886 928 1946 vitium
958 1903 1032 1944 cum
1057 1888 1197 1959 ratnne,
1223 1881 1355 1968 ideoque

408 1982 482 2046 solis
503 1983 696 2060 auctoribus,
709 1995 940 2068 auctorumque
963 1981 1130 2061 similibus,
1143 1982 1221 2047 siris
1241 1982 1356 2048 scilicet

407 2080 640 2158 eruditissimis,
663 2081 720 2166 qui
743 2080 950 2147 dicendorum
972 2082 1244 2168 tacendorumque
1267 2106 1357 2148 nove-

406 2196 483 2247 runt
508 2181 656 2264 rationes,
678 2183 747 2247 haec
772 2182 900 2248 licentia
923 2183 1128 2270 indulgetur:
1160 2190 1299 2267 mugnis,
1324 2198 1357 2248 ut

407 2284 452 2347 ait
469 2283 592 2359 Cicero,
608 2293 639 2349 et
653 2287 774 2350 diuinis
793 2287 892 2361 bonu,
907 2289 992 2348 hunc
1011 2289 1176 2350 licentiam
1194 2290 1358 2370 aremuli

407 2393 497 2461 eunt,
517 2398 548 2448 et
568 2400 793 2472 assequuntur.
840 2387 913 2450 Non
935 2398 984 2450 est
997 2386 1076 2450 levis
1093 2389 1269 2452 auctoritas
1291 2411 1357 2475 per·

407 2508 575 2550 sonarum:
599 2488 705 2551 omnia
721 2487 817 2567 dicta,
833 2487 883 2551 vel
899 2488 984 2552 sacta
999 2487 1126 2552 laudem
1142 2488 1294 2570 afferunt,
1308 2490 1355 2554 vel

407 2585 524 2651 crimen
547 2590 710 2665 auserunt,
732 2612 829 2674 quam
853 2588 974 2652 frustra
999 2588 1140 2669 affectat,
1161 2589 1221 2653 nisi
1244 2592 1302 2676 qui
1325 2614 1357 2657 se

405 2687 438 2752 in
465 2690 588 2776 magnis
614 2691 704 2755 bonis
729 2688 914 2754 imitabilem
936 2690 1070 2776 praebet.
1114 2690 1266 2756 Profecto
1288 2695 1356 2758 hcet

407 2789 537 2855 aliarum
567 2791 725 2856 virtutum
763 2790 917 2856 autoritas
953 2791 1081 2867 meruit,
1113 2805 1151 2856 ut
1180 2792 1251 2858 haec
1281 2793 1356 2859 vitia

406 2892 574 2977 majorum,
598 2891 705 2956 dulcia
724 2892 786 2957 sint
809 2906 841 2956 et
863 2906 956 2978 grata
977 2896 1124 2978 posteris.
1169 2901 1190 2935 “
1207 2895 1305 2960 Unde
1325 2901 1356 2960 in

405 2994 544 3057 seeundo
566 2994 604 3056 de
629 2995 740 3058 ordine
764 2995 988 3076 Auguetinue:
1013 2999 1199 3060 mloeciemoe
1219 3005 1251 3062 et
1272 3000 1356 3064 Bar·

405 3093 568 3173 bariemoe,
589 3118 669 3181 quos
684 3108 798 3160 vocant
820 3109 935 3181 poetae,
956 3110 989 3159 et
1014 3120 1095 3182 quos
1113 3098 1356 3177 adamaverunt,

406 3194 566 3260 schemata
587 3210 618 3261 et
641 3195 875 3283 metaplasmos,
896 3198 1028 3261 mutatis
1048 3197 1229 3263 maluerunt
1249 3201 1355 3286 appel·

405 3292 470 3356 lare
485 3295 676 3373 nominibus,
693 3321 788 3382 quam
806 3299 973 3363 manifesta
988 3299 1066 3362 vitia
1080 3297 1249 3364 declinare.
1294 3304 1355 3365 De-

404 3391 496 3454 trahe
516 3404 621 3454 tamen
642 3395 704 3457 ista
724 3398 927 3474 carminibus,
948 3399 1133 3464 suavissima
1153 3400 1355 3466 condimenta

404 3488 601 3555 desiderabo.
651 3495 814 3578 Transfer
828 3499 859 3561 in
881 3499 1013 3564 liberam
1028 3500 1250 3586 forensemque
1264 3502 1355 3567 dicti·

402 3612 507 3667 onem,
529 3592 601 3675 quis
616 3611 678 3655 non
694 3615 762 3656 eam
785 3595 908 3680 sugere,
924 3611 1021 3685 atque
1035 3600 1068 3663 in
1085 3599 1211 3665 theatra
1230 3624 1263 3665 se
1283 3623 1355 3665 con·

403 3689 478 3755 dere
488 3691 617 3775 jubebit
627 3695 660 3756 ?''
683 3695 829 3782 Congere
840 3704 943 3764 multa
957 3702 990 3764 in
1006 3723 1104 3764 unum
1121 3700 1238 3778 locum,
1250 3715 1352 3767 totum

403 3804 472 3856 arte
487 3793 639 3877 putidum
650 3809 683 3861 et
694 3798 861 3863 rancidum
877 3800 1039 3865 fastidibo.
1069 3804 1160 3887 Ergo
1175 3804 1356 3869 moderator

403 3915 509 3957 rerum
526 3894 616 3973 ordo,
633 3919 670 3960 ea
684 3921 742 3962 nec
763 3899 909 3979 ubilibet,
924 3923 981 3965 nec
1001 3925 1159 3988 nusquam
1179 3926 1259 3982 esse,
1274 3905 1355 3991 pati·

403 4007 495 4069 etur;
520 3997 640 4080 quibus
655 3999 861 4084 interpositis,
877 3999 953 4064 alias
964 4002 1073 4085 jacens
1087 4015 1118 4066 et
1134 4006 1208 4068 uilis
1222 4004 1356 4090 erigitur

403 4110 435 4161 et
457 4095 636 4163 illustratur
656 4101 768 4163 oratio.
812 4103 899 4165 Haec
917 4105 987 4167 ille:
1011 4114 1082 4166 uta
1102 4116 1264 4189 praecepta
1282 4129 1356 4171 con·

403 4212 464 4265 stet
494 4201 677 4280 autoritate,
705 4224 801 4286 quarn
828 4204 1003 4267 necessaria
1029 4205 1068 4269 sit
1090 4205 1206 4270 notitia
1231 4231 1354 4284 eorum,

402 4324 477 4384 quae
502 4301 698 4366 doctioribus
720 4324 876 4380 concessa,
903 4328 1027 4369 omnem
1054 4305 1120 4369 sere
1151 4306 1354 4373 latitudinem

403 4411 561 4485 occupant
590 4403 832 4486 scripturarum,
858 4417 894 4469 ut
921 4407 976 4490 qni
1003 4407 1131 4492 proprie
1157 4421 1188 4473 et
1215 4408 1354 4494 figurate
