2992 5592
269 797 328 855 1³8
523 809 658 853 roassrs
674 807 950 852 sanasamusssrs
1076 792 1159 870 [ma.
1177 810 1216 853 ιν.

265 975 372 1059 aliqua
396 987 455 1047 est,
478 996 552 1059 quae
578 972 618 1034 ad
643 994 801 1035 summum
825 975 924 1055 possit
946 972 1127 1034 ascendere.
1176 977 1217 1037 Ut

265 1092 370 1140 autem
388 1074 544 1160 opinionis
559 1073 808 1159 meaejudicium
825 1071 917 1158 plene
939 1095 1124 1157 cognoscas,
1140 1074 1216 1158 quid

264 1177 305 1240 de
320 1177 380 1240 hoc
395 1198 490 1261 opere
506 1175 649 1253 sentiam,
663 1175 775 1261 paucis
790 1172 933 1238 adverte.

294 1363 374 1448 Cap.
390 1365 420 1425 2
446 1364 540 1438 Quod
554 1366 688 1426 scientia
703 1364 774 1424 lraec
788 1364 881 1427 utilia
895 1364 1002 1425 estad
1016 1366 1143 1426 omnia:
1166 1370 1195 1425 et

492 1467 578 1529 ande
592 1469 663 1528 lraec
677 1468 793 1527 sortito
808 1468 850 1528 sit
866 1486 990 1529 nomen.

311 1588 582 1648 Anaurrrconuu
612 1582 742 1666 quidem
773 1581 920 1666 perutilia
945 1595 994 1645 est
1020 1581 1164 1656 scientia,
1187 1594 1217 1645 et

267 1685 333 1748 sine
355 1708 420 1770 qua
441 1684 589 1770 quisquis
614 1684 750 1769 logicam
776 1682 958 1769 profitetur,
981 1683 1139 1748 ridiculus
1163 1696 1217 1746 est.

268 1787 317 1851 Ut
333 1809 407 1850 vero
422 1788 504 1851 ratio
523 1786 660 1850 nominis
680 1799 867 1869 exponatur,
883 1807 981 1869 quam
1004 1785 1113 1851 Groeci
1138 1788 1219 1848 Ana-

268 1888 385 1973 lyticen
401 1889 526 1965 dicunt,
541 1912 599 1952 nos
620 1910 789 1972 possumus
811 1886 1028 1951 resolutoriam
1048 1887 1219 1973 appellare,

267 1988 454 2053 familiarius
469 2003 573 2054 tamen
596 1990 838 2074 assignabimus,
853 1986 880 2051 si
899 1988 1075 2053 dixerimus
1094 2010 1217 2074 aequam

268 2087 473 2154 locutionem:
497 2113 570 2154 nam
593 2090 640 2154 illi
663 2113 729 2154 ana
752 2089 888 2176 aequale,
909 2094 1005 2154 lecim
1029 2089 1218 2153 locutionem

268 2188 389 2254 dicunt.
428 2192 595 2277 Frequens
610 2208 718 2256 autem
734 2205 793 2266 est,
810 2213 912 2277 quum
928 2211 1031 2254 sermo
1044 2213 1156 2276 parurn
1173 2204 1220 2254 est

267 2288 457 2368 intellectus,
480 2305 516 2356 ut
538 2315 611 2355 eum
634 2293 667 2355 in
692 2294 846 2355 notiorem
871 2290 984 2357 resolvi
1006 2291 1221 2355 desideremus

268 2390 508 2476 aequivalenter:
533 2392 618 2456 unde
639 2407 671 2461 et
690 2395 848 2479 interpres
863 2416 952 2457 meua
970 2415 1071 2478 quum
1088 2394 1220 2457 verbum

268 2491 394 2557 audiret
419 2494 576 2578 ignotum,
600 2513 633 2560 et
657 2496 794 2559 maxime
819 2498 852 2559 in
876 2495 1070 2581 compositis,
1097 2494 1221 2559 dicebat

268 2598 434 2660 analeum
463 2601 529 2672 Ιιοο,
558 2598 645 2682 quod
682 2598 808 2663 volebat
839 2597 1067 2685 aequivalenter
1095 2598 1220 2683 exponi.

269 2698 353 2761 Nam
369 2698 437 2763 hoec
452 2701 602 2764 resolutio
617 2699 794 2764 intellectui
810 2700 850 2763 ad
868 2701 1031 2764 scientiam
1048 2698 1222 2764 adminicu-

270 2798 354 2863 latur
368 2823 465 2885 quam
481 2801 666 2886 plurimum.
714 2801 874 2865 Caeterum
896 2800 969 2863 licet
992 2801 1168 2864 necessaria
1183 2800 1223 2864 sit

270 2899 427 2977 doctrina,
443 2901 523 2965 liber
539 2923 599 2964 non
621 2913 752 2963 eatenus
767 2900 961 2964 necessarius
980 2913 1043 2964 est:
1068 2899 1222 2986 quicquid

270 3001 354 3065 enim
376 3004 529 3078 continet,
550 3002 626 3067 alibi
646 3002 773 3067 facilius
790 3016 820 3068 et
849 3001 974 3065 fidelius
996 3001 1149 3078 traditor,
1170 3005 1221 3068 sed

270 3119 354 3168 certe
379 3106 485 3168 verius
507 3119 563 3168 aut
586 3104 701 3168 fortius
722 3126 892 3191 nusquam.
939 3104 1105 3189 Siquidem
1128 3119 1161 3168 et
1182 3105 1223 3168 ab

271 3202 371 3268 invito
386 3205 481 3269 fidem
497 3215 682 3291 extorquet:
708 3205 829 3291 quippe
844 3205 1003 3268 violentus
1018 3218 1078 3281 est,
1095 3219 1127 3270 et
1147 3228 1223 3291 quo-

271 3306 345 3369 dam
362 3305 509 3370 Caesareo
523 3309 657 3393 impetu,
674 3311 785 3373 nullas
799 3311 864 3372 niai
887 3309 975 3371 lroate
988 3309 1128 3383 subacto,
1144 3328 1225 3390 gau-

271 3408 323 3469 det
338 3408 453 3471 habere
467 3413 552 3472 oica:
575 3409 668 3472 amici
684 3411 819 3493 gratiam
835 3408 954 3472 nullius
973 3411 1125 3473 momenti
1141 3410 1223 3473 facit

272 3503 366 3581 Quod
378 3504 490 3589 ntique
502 3504 577 3569 satis
592 3508 739 3591 congruit
752 3507 855 3571 officio
864 3507 1053 3593 judicantia,
1065 3531 1166 3594 quum
1178 3509 1223 3572 al·

269 3602 371 3668 fectus
386 3604 477 3669 amici
494 3607 541 3668 vel
559 3608 669 3683 hostis,
686 3609 896 3674 sinceritatem
908 3609 1023 3695 judicii
1046 3624 1225 3694 pervertere

271 3705 380 3769 soleat.
425 3709 526 3771 Porro
541 3708 760 3794 exemplorum
783 3709 978 3789 confusione,
993 3724 1023 3772 et
1042 3711 1224 3795 trajectione

272 3805 448 3887 literarum,
463 3831 544 3893 quas
560 3822 628 3873 tum
644 3810 685 3875 de
706 3809 874 3887 industria,
891 3824 958 3874 tum
979 3833 1076 3874 causa
1092 3811 1225 3876 brevita-

271 3907 323 3985 tis,
346 3919 413 3970 tum
437 3931 476 3972 ne
499 3909 620 3973 falsitas
642 3910 759 3974 alicubi
783 3911 1001 3998 exemplorum
1029 3924 1225 3996 argueretur,

272 4009 465 4084 interseruit,
482 4009 560 4072 adeo
583 4012 734 4073 confusus
755 4023 814 4084 est,
830 4022 865 4073 ut
889 4034 961 4074 cum
984 4033 1101 4094 magno
1122 4011 1226 4076 labore

273 4136 310 4175 eo
332 4111 546 4196 perveniatur,
562 4113 647 4197 quod
671 4111 819 4174 facillime
843 4113 924 4175 tradi
946 4126 1073 4197 potest;
1106 4128 1139 4177 et
1163 4114 1226 4198 ple-

273 4232 409 4294 rumque
431 4210 508 4274 dum
528 4211 724 4275 mendacium
741 4210 835 4285 vitat,
853 4234 908 4274 nec
929 4234 1023 4275 verus
1046 4235 1105 4276 nec
1128 4212 1225 4277 salsus

273 4323 332 4388 est,
343 4325 400 4375 aut
415 4313 497 4378 forte
513 4313 679 4376 mentitur:
697 4310 722 4373 si
738 4322 842 4373 tamen
859 4312 1020 4397 protervia
1035 4312 1223 4378 calumniam

272 4411 357 4475 facit.
