2992 5592
390 785 432 844 32
649 802 786 848 scaurus
803 799 1079 846 sanssuunrunsrs
1223 786 1304 866 [ma.
1319 803 1338 848 1.

351 988 363 1008 ·
392 970 424 1021 et
450 955 509 1018 hoc
532 953 662 1037 quidem
686 976 744 1038 pro
766 952 939 1038 capacitate
961 953 1171 1038 ingeniorum.
1218 956 1338 1020 Horum

393 1070 501 1122 autem
517 1055 577 1119 tria
593 1069 668 1120 sunt
682 1078 810 1142 genera,
827 1056 909 1119 sicut
926 1058 1132 1122 Carnoteusis
1154 1080 1251 1121 senex
1268 1059 1340 1122 Ber·

393 1160 525 1238 nardus,
545 1159 704 1244 frequenti
725 1157 895 1244 colloquio,
914 1159 978 1222 suis
998 1160 1202 1224 auditoribus
1220 1162 1341 1225 tradere

394 1257 567 1324 consuevit.
602 1259 793 1325 Aliudenim
805 1260 968 1336 advolans,
984 1258 1072 1325 aliud
1086 1260 1241 1340 infimum,
1257 1260 1341 1326 aliud

393 1362 551 1426 mediocre
565 1374 623 1425 est.
669 1361 831 1427 Advolans
845 1361 975 1446 quidem
988 1362 1097 1425 eadem
1110 1361 1273 1444 facilitate,
1281 1385 1343 1448 qua

393 1463 541 1550 percipit,
552 1462 671 1526 recedit
686 1463 948 1549 aperceptis,nec
963 1463 995 1525 in
1012 1462 1120 1549 aliqua
1136 1466 1210 1528 sede
1227 1464 1340 1528 inrenit

394 1564 546 1649 requiem.
604 1565 757 1627 lnfimum
792 1576 899 1627 autem
938 1562 1105 1625 sublimari
1136 1585 1198 1626 non
1228 1577 1341 1650 potest,

394 1666 531 1754 ideoque
545 1666 854 1754 perfectumnescit:
879 1681 910 1729 at
927 1664 1096 1740 mediocre,
1112 1679 1144 1729 et
1156 1666 1235 1751 quia
1250 1667 1342 1732 habet

393 1770 426 1834 in
443 1793 509 1856 quo
532 1768 650 1843 sedeat,
673 1781 705 1832 et
728 1768 804 1853 quia
819 1767 981 1831 sublimari
998 1780 1113 1852 potest,
1139 1791 1195 1832 nec
1211 1769 1252 1832 de
1274 1791 1342 1856 pro·

394 1873 481 1937 fectu
497 1871 656 1957 desperat,
678 1883 710 1934 et
725 1869 979 1955 philosophantis
1000 1870 1151 1933 exercitio
1170 1893 1344 1935 accommo-

396 1973 560 2036 dissimum
584 1984 641 2034 est.
687 1971 732 2032 Et
756 1969 787 2031 in
817 1969 876 2032 hac
906 1970 1035 2056 quidem
1059 1974 1162 2056 specie
1185 1985 1343 2047 naturam,

395 2075 519 2159 opinor,
532 2071 649 2136 artium
664 2069 874 2134 fundamenta
888 2070 1018 2136 secisse:
1043 2096 1120 2137 usus
1143 2075 1225 2137 enim
1250 2075 1343 2160 hujus

396 2173 503 2239 studio
516 2172 690 2238 invalescit.
714 2173 774 2236 Est
795 2186 901 2238 autem
919 2176 967 2251 (ut
983 2173 1128 2241 Ciceroni
1145 2175 1264 2261 placet)
1281 2191 1343 2242 stu·

394 2274 498 2352 dium,
508 2274 682 2355 assidua‚et
694 2275 862 2338 vehemens
874 2276 1161 2363 animiapplicatio,
1171 2279 1211 2342 ad
1224 2278 1343 2365 aliquid

395 2375 554 2462 agendum
568 2399 763 2461 magnacum
777 2375 951 2441 voluntate.
997 2378 1154 2442 Memoria
1165 2402 1241 2442 vero
1252 2381 1342 2466 quasi

395 2477 510 2542 mentis
525 2501 608 2556 arca,
620 2478 776 2565 firmaque
787 2492 820 2544 et
832 2477 934 2541 fidelis
949 2478 1097 2543 custodia
1111 2494 1344 2567 perceptorum.

396 2581 505 2656 Ratio,
521 2603 630 2644 eorum
646 2604 720 2666 quae
736 2581 890 2656 sensibus,
907 2594 962 2645 aut
975 2581 1081 2644 auimo
1092 2596 1276 2656 occurrunt,
1292 2607 1346 2647 ex·

394 2681 563 2747 aminatrix
593 2682 689 2747 animi
712 2682 760 2745 vis
781 2696 840 2758 est,
863 2694 896 2746 et
911 2681 1014 2746 fidelis
1036 2683 1154 2747 arbitra
1175 2683 1345 2769 potiorum,

394 2806 469 2869 quae
484 2807 589 2847 rerum
614 2783 836 2848 similitudines
856 2782 1193 2870 dissimilitudinesque
1213 2808 1345 2873 perpen-

393 2883 484 2961 dens,
497 2884 623 2948 tandem
635 2897 736 2947 artem
744 2882 966 2969 statuit,quasi
978 2885 1139 2971 quandam
1151 2886 1345 2952 infinitorum

395 2986 516 3053 finitam
527 2985 773 3050 essescientiam.
790 2986 1028 3060 Quumenimiu
1038 3011 1056 3051 a
1066 2988 1211 3052 desinant
1222 2990 1346 3053 nomina

395 3087 528 3163 infinita,
552 3109 589 3150 ea
610 3086 715 3150 omnia
737 3085 902 3151 foeminino
925 3085 1122 3151 definiuntur
1144 3088 1291 3167 articulo,
1307 3091 1345 3153 iis

393 3189 542 3264 exclusis,
565 3211 639 3275 quae
655 3200 740 3251 certa
756 3210 821 3251 suae
841 3184 1042 3271 proprietatis
1061 3187 1273 3272 assignatione
1287 3190 1346 3254 dis-

394 3290 500 3354 tinxit.
546 3290 674 3374 Species
689 3289 820 3353 infinitae
836 3302 928 3352 sunt:
959 3288 1013 3351 sed
1029 3288 1097 3352 haec
1111 3290 1145 3352 in
1160 3289 1206 3353 eis
1220 3291 1344 3355 finitum

335 3437 341 3446 .
394 3388 541 3464 tradidit,
563 3399 599 3452 ut
618 3387 800 3472 cuicunque
821 3387 910 3452 adest
925 3386 1055 3473 species,
1071 3389 1154 3454 adsit
1176 3403 1209 3455 et
1232 3415 1342 3474 genus.

395 3489 531 3554 Numeri
554 3487 688 3551 infiniti:
712 3510 838 3551 omnem
861 3502 965 3552 tamen
989 3513 1097 3576 parem
1120 3491 1170 3554 vel
1193 3492 1342 3579 imparem

394 3612 462 3655 esse
476 3587 632 3652 definivit:
656 3598 689 3652 et
699 3600 735 3652 ut
744 3602 825 3674 quot
837 3587 967 3668 dicitur,
979 3591 1104 3678 liquido
1119 3596 1344 3680 comprobetur

393 3689 557 3776 exemplo;
581 3687 841 3776 disceptationem
853 3689 987 3776 primam
999 3716 1092 3759 casus
1103 3693 1228 3760 intulit:
1254 3719 1345 3761 usum

393 3791 593 3877 disceptandi
616 3790 803 3856 exercitatio
824 3792 925 3855 auxit.
971 3795 1179 3879 Disceptandi
1201 3796 1346 3870 sormam,

394 3917 469 3981 quae
484 3917 534 3958 ars
549 3895 618 3980 ejus
632 3896 736 3981 operis
755 3907 814 3972 est,
837 3895 919 3960 ratio
940 3895 1150 3980 deprehendit
1163 3923 1172 3971 ;
1196 3922 1248 3964 ars
1263 3900 1348 3964 culta

393 3999 528 4062 corrtulit
546 3997 748 4062 facultatem:
772 4009 805 4061 et
820 3997 896 4084 quia
911 3998 1027 4061 artium
1043 4011 1158 4062 natura
1173 4016 1275 4066 mater
1289 4015 1346 4077 est,

395 4102 508 4164 merito
544 4098 575 4162 in
605 4099 753 4185 injuriam
783 4090 923 4183 parentis
959 4098 1117 4165 redundat
1146 4117 1348 4190 contemptus

394 4225 513 4267 earum.
538 4199 657 4265 Sedulo
672 4201 772 4284 igitur
791 4199 965 4284 ingenium,
982 4214 1047 4263 tam
1064 4199 1162 4264 studii
1178 4226 1278 4288 quam
1300 4227 1346 4268 re·

392 4303 549 4367 missionis
571 4301 799 4372 moderatione,
822 4298 1030 4363 excolendum
1047 4314 1106 4377 est,
1130 4315 1167 4365 ut
1183 4304 1224 4367 ab
1247 4305 1346 4368 altero

392 4403 602 4480 convalescat,
631 4403 672 4466 ab
702 4400 802 4464 altero
831 4399 1036 4466 confortetur.
1092 4401 1189 4466 Unde
1221 4405 1347 4491 egregie
