2992 5592
418 808 478 867 150
669 820 805 865 rasurus
821 818 1097 864 mnususaruusis
1216 801 1301 880 [mn.
1318 821 1369 868 ιιι.

416 971 522 1036 toricis
544 973 634 1035 testis
655 985 715 1048 est,
731 971 877 1036 Socrates
899 970 959 1033 hoc
980 969 1227 1054 argumentandi
1248 995 1366 1057 genere

415 1073 588 1159 saepissime
600 1075 760 1138 utebatur.
792 1073 953 1137 Caeterum
966 1093 1067 1156 quum
1078 1070 1229 1158 exempla
1240 1073 1281 1138 ad
1294 1097 1367 1160 pro·

414 1171 553 1237 bandum
578 1173 669 1258 quid,
690 1187 746 1237 aut
768 1172 862 1257 plura
884 1171 1041 1245 feruntur,
1061 1185 1117 1236 aut
1140 1173 1279 1257 singula,
1293 1197 1366 1238 con·

416 1274 573 1339 venientia
596 1297 663 1338 esse
685 1272 815 1350 debent,
839 1287 932 1338 etex
955 1274 1073 1360 quibus
1094 1272 1229 1341 seimus:
1262 1276 1367 1363 qualis

415 1379 588 1454 Homerus,
602 1396 665 1438 non
681 1375 787 1461 qualia
808 1373 980 1441 Cherillus.
1026 1376 1059 1439 Si
1082 1390 1189 1442 autem
1204 1378 1247 1443 ab
1261 1391 1367 1444 aucto-

415 1476 505 1542 ribus
527 1491 792 1556 transsumantur,
814 1478 959 1541 Homero
981 1477 1108 1562 quidem
1135 1479 1282 1557 Graeeus,
1305 1484 1364 1544 Ln-

416 1580 504 1644 tinus
525 1593 632 1643 autem
655 1578 792 1662 Virgilio
817 1591 929 1642 utatur
953 1596 986 1643 et
1013 1581 1162 1643 Lucano:
1193 1579 1366 1646 domestica

416 1701 553 1765 nomque
568 1677 714 1763 exempla
734 1679 834 1761 magis
853 1693 992 1754 movent,
1009 1694 1040 1742 et
1056 1680 1179 1764 ignota,
1194 1680 1363 1746 dubiorum

416 1804 478 1846 nou
494 1781 615 1845 faciunt
632 1779 736 1844 fidem.
785 1780 838 1844 Ad
853 1780 1094 1845 occultationem
1111 1804 1187 1845 vero
1202 1784 1367 1867 propositi,

415 1882 513 1946 immo
525 1896 559 1947 ut
576 1896 710 1967 uterque
724 1881 947 1967 gignadiorum
961 1883 1028 1947 noti
1043 1904 1172 1968 compos
1187 1883 1313 1948 facilius
1326 1884 1365 1947 sit

414 1984 606 2061 idiotismus,
618 1998 649 2047 et
664 1981 910 2057 orthonoismus,
924 1983 1070 2069 perutilis
1081 1997 1138 2047 est.
1170 1987 1215 2049 Ut
1229 1997 1366 2070 uterque

415 2084 532 2150 scilicet
548 2086 592 2148 sic
603 2100 703 2149 artem
720 2084 908 2166 dissimulet,
919 2086 1006 2171 quod
1018 2100 1074 2149 aut
1089 2107 1156 2149 carn
1172 2108 1233 2149 non
1247 2086 1367 2150 habere

414 2186 573 2262 credatur,
595 2199 652 2249 aut
675 2185 764 2270 quod
788 2185 898 2251 habita
921 2186 998 2250 nolit
1023 2190 1082 2251 uti.
1128 2188 1258 2273 Semper
1280 2187 1365 2250 enini

415 2301 561 2373 suspecta
575 2300 624 2351 est
644 2288 723 2350 artis
742 2287 933 2353 ostentatio:
957 2302 989 2351 et
1004 2312 1022 2351 e
1037 2302 1147 2353 contra
1166 2288 1293 2352 facilius
1310 2289 1366 2352 ad-

414 2388 601 2465 mittuntur,
618 2389 669 2452 via
684 2385 818 2473 simplici
832 2389 1024 2473 gradientes.
1057 2390 1118 2453 Sed
1134 2413 1203 2476 pra
1217 2391 1368 2456 omnibus

416 2489 543 2574 utrique
571 2488 702 2576 expedit
731 2511 821 2552 nosse
852 2489 998 2566 fideliter,
1028 2491 1111 2555 circa
1146 2491 1228 2576 quid
1258 2491 1367 2556 oonlli-

414 2591 558 2676 gentium
573 2604 715 2654 versetur
725 2590 871 2655 intentio.
911 2590 1075 2676 Siquidem
1093 2614 1154 2654 nou
1167 2591 1255 2656 facto
1268 2594 1366 2657 mani-

415 2692 501 2757 festo
515 2692 595 2779 quid
611 2706 657 2756 est
675 2691 762 2778 quod
781 2692 921 2777 positum
936 2705 998 2768 est,
1014 2715 1075 2757 non
1096 2707 1144 2758 est
1164 2694 1258 2757 facile
1271 2717 1367 2779 argu·

415 2797 568 2860 mentari:
593 2817 663 2859 nam
687 2816 726 2856 ex
743 2793 814 2873 hoc,
829 2793 879 2857 vel
900 2795 940 2858 ad
965 2816 1092 2870 nomen,
1106 2810 1164 2859 aut
1179 2818 1264 2881 saepe
1280 2797 1368 2861 nulla

416 2910 464 2961 est
488 2897 674 2983 disputatio.
730 2893 828 2959 Ratio
853 2896 935 2958 enim
964 2918 1025 2958 non
1050 2896 1147 2960 habet
1175 2919 1368 2980 processum,

416 2999 477 3065 nisi
493 2999 672 3063 intellectus
686 2995 908 3061 altercantium
931 2997 1024 3061 alicui
1047 2995 1203 3063 innitatur
1224 3000 1368 3066 articulo.

417 3103 501 3166 Nam
525 3116 561 3168 ut
583 3101 725 3165 obviatio
747 3099 799 3179 sit,
820 3122 945 3163 necesse
966 3116 1014 3164 est
1035 3099 1169 3164 eandem
1192 3102 1253 3165 teri
1276 3101 1368 3168 riam.

417 3205 508 3290 Ergo
519 3219 575 3270 aut
589 3228 651 3269 una
662 3204 759 3268 debet
771 3226 837 3267 esse
849 3203 1067 3287 interrogatio,
1079 3216 1136 3267 aut
1147 3203 1369 3291 multiplicitas

417 3306 481 3371 suis
502 3321 550 3370 est
573 3306 750 3371 rationibus
772 3304 1007 3389 distinguenda.
1051 3305 1149 3368 Unde
1170 3309 1368 3383 Aristoteles,

416 3410 569 3488 quoniam
584 3416 691 3470 autem
710 3428 890 3471 marearum
905 3413 952 3471 est
966 3408 1180 3489 respondenti,
1196 3431 1261 3472 non
1276 3408 1368 3474 intel·

415 3505 539 3592 ligenti,
554 3507 669 3586 dicere,
685 3507 835 3592 quoniam
851 3531 912 3571 non
928 3507 1082 3591 intelligo,
1098 3522 1129 3573 et
1147 3509 1367 3596 multipliciter

417 3608 515 3684 dicto,
530 3631 592 3673 non
609 3632 648 3672 ex
665 3609 851 3674 necessitate
873 3611 1027 3689 confiteri,
1042 3610 1093 3674 vel
1108 3634 1241 3696 negare:
1263 3612 1367 3698 palam

416 3713 566 3799 quoniam
602 3713 738 3799 primum
778 3713 921 3798 quidem,
951 3713 1010 3777 nisi
1047 3713 1177 3799 planum
1208 3713 1250 3779 sit
1279 3715 1365 3802 quod

415 3814 543 3895 dicitur,
555 3837 616 3878 non
633 3814 852 3900 pigritandum
865 3816 981 3893 dicere,
990 3838 1056 3879 non
1071 3819 1259 3898 intelligere.
1284 3821 1366 3883 Nam

416 3940 500 4005 saepo
523 3941 563 3982 ex
593 3917 743 4003 eoquod
771 3939 833 3980 non
860 3917 952 4003 plane
979 3917 1253 4001 interrogantibus
1279 3919 1368 3997 dant,

414 4021 524 4088 obviat
539 4020 668 4106 aliquod
684 4018 822 4084 difficile.
868 4019 903 4083 Si
918 4034 1024 4086 autern
1042 4032 1152 4084 notum
1168 4020 1302 4107 quidem
1317 4022 1368 4098 sit,

414 4122 632 4209 multipliciter
658 4136 764 4186 autem
794 4121 929 4198 dictum,
953 4122 1035 4184 siin
1061 4122 1211 4186 omuibus
1234 4124 1365 4209 quidem

414 4249 523 4291 verum
541 4226 591 4289 vel
614 4224 729 4288 falsum
753 4222 805 4299 sit,
820 4222 908 4308 quod
930 4222 1061 4297 dicitur,
1077 4221 1221 4287 dandum
1247 4223 1365 4310 simpli

414 4327 503 4404 citer,
527 4327 575 4390 vel
598 4324 789 4410 negandum.
835 4324 869 4386 Si
886 4346 961 4387 vero
984 4327 1015 4387 in
1038 4323 1148 4409 aliquo
1171 4325 1211 4389 sit
1237 4325 1366 4399 falsum,

414 4429 446 4492 in
468 4430 577 4514 aliquo
599 4442 705 4493 autem
729 4447 850 4501 verum,
873 4425 1115 4510 significandum
1139 4441 1187 4490 est
1212 4429 1366 4513 quoniam
