2992 5592
281 798 342 863 162
527 815 665 862 Jorurus
680 815 961 862 sinnsnnmausrs
1078 801 1167 877 [mn.
1183 819 1226 862 rr.

279 982 369 1057 puta,
382 990 480 1056 quum
497 971 571 1055 quis
585 990 647 1032 non
664 981 798 1054 urgente
813 991 845 1031 se
857 968 980 1032 ratione
990 967 1229 1056 complexionis,

278 1071 319 1136 ad
335 1071 528 1158 impossibile
544 1070 662 1136 ductus
683 1093 751 1135 esse
765 1083 928 1148 causatur,
943 1070 998 1135 sed
1013 1096 1052 1135 eo
1068 1073 1155 1158 quod
1172 1072 1229 1137 sal·

279 1196 350 1237 sum
366 1172 491 1259 aliquid
513 1173 652 1258 positum
674 1172 783 1246 suerit,
799 1172 943 1258 sequitur
965 1172 1004 1238 de
1025 1198 1122 1239 causa
1143 1175 1229 1239 salsae

278 1276 497 1352 conclusionis,
532 1292 569 1341 ut
598 1275 858 1362 catasyllogismi,
887 1290 921 1342 et
950 1277 1100 1356 Elencbi,
1129 1296 1162 1344 et
1190 1279 1230 1342 de

277 1378 403 1443 fallacis
417 1377 589 1442 secundum
606 1378 799 1463 opinionem,
814 1391 847 1443 et
861 1378 902 1441 de
916 1379 1123 1442 conversione
1137 1377 1228 1443 medii

277 1493 309 1544 et
325 1493 551 1556 extremorum,
566 1480 659 1564 cujus
679 1492 783 1543 tamen
806 1491 873 1543 tota
891 1477 1014 1542 utilitas
1035 1477 1129 1564 longe
1148 1502 1230 1543 com-

278 1577 405 1643 modius
434 1579 517 1643 tradi
540 1590 654 1664 potest.
699 1577 916 1663 Subjungitur
938 1576 1021 1640 ratio
1041 1577 1227 1642 reducendoe

279 1677 484 1754 inductionis,
520 1700 617 1764 quam
647 1677 726 1741 dicit
756 1676 966 1742 Rhetoricum
995 1676 1228 1764 syllogismum,

278 1780 389 1845 itidem
415 1795 445 1846 et
472 1780 620 1866 exempli,
648 1794 679 1845 et
704 1780 745 1844 de
769 1779 975 1844 deductione:
1007 1779 1125 1844 deinde
1151 1779 1227 1868 quid

278 1882 442 1958 instantia,
458 1883 535 1968 quid
554 1881 634 1962 εἴκος,
649 1905 743 1968 quam
762 1881 957 1967 probabilem
979 1883 1227 1966 propositionem

275 1983 365 2060 dicit,
376 1985 433 2048 etsi
445 1987 513 2070 ejus
526 1986 624 2070 possit
636 2009 701 2048 esse
713 1985 874 2061 instantia,
884 1983 916 2047 id
927 1999 986 2058 est,
996 2007 1058 2048 nou
1071 2000 1229 2071 perpetuo

274 2084 432 2150 obtineat:
443 2085 1035 2164 utmatresamare,norercasinvidere.
1054 2086 1224 2160 Quiditem

274 2185 400 2270 signum
412 2201 444 2252 et
460 2190 621 2272 quomodo
635 2188 855 2275 Enthymema
868 2200 989 2253 constet
1003 2211 1046 2254 ex
1060 2189 1228 2270 eicotibus,

272 2300 305 2352 et
327 2289 437 2372 signis.
485 2291 650 2354 Postremo
672 2291 738 2375 agit
762 2291 804 2355 de
825 2291 1009 2376 cognitione
1030 2302 1228 2357 naturarum.

274 2388 404 2454 Grande
418 2390 548 2476 quidem
568 2392 760 2481 ¹capitulum,
776 2407 808 2457 et
825 2393 912 2479 quod
929 2393 1003 2459 licet
1025 2395 1227 2482 aliquatenus

272 2493 437 2578 proposito
451 2493 605 2572 conserat,
627 2494 722 2560 fidem
741 2509 845 2562 tamen
863 2495 1009 2582 promissi
1025 2519 1228 2584 nequaquam

271 2592 394 2680 implet.
419 2596 528 2660 Unum
539 2595 616 2677 scio,
628 2619 680 2661 me
696 2599 794 2683 hujus
808 2597 940 2682 capituli
952 2598 1120 2676 beneficio,
1133 2599 1228 2664 nerni-

272 2717 345 2761 nem
361 2695 394 2762 in
409 2699 589 2785 cognitione
604 2715 791 2766 naturarum
807 2700 922 2766 vidisse
937 2701 1132 2788 perfectum.

262 2882 352 2973 'Cap
370 2894 400 2953 6.
422 2890 476 2954 De
495 2891 684 2978 diſjinuume
702 2892 913 2974 posteriorum
929 2893 1184 2974 Anolytioorum,
1199 2900 1229 2957 st

609 2995 698 3058 unde
711 2997 890 3078 contingat.

314 3132 556 3195 Posruuronnu
579 3150 655 3192 vero
676 3127 918 3214 Analyticorum
944 3128 1075 3195 subtilis
1097 3131 1225 3218 quidem

271 3233 401 3297 scientia
416 3246 474 3313 est,
490 3246 520 3297 et
542 3232 653 3318 paucis
673 3231 808 3317 ingeniis
824 3232 953 3317 pervia:
982 3233 1072 3319 quod
1094 3236 1224 3322 quidem

270 3350 310 3396 ex
326 3335 429 3398 causis
444 3334 592 3420 pluribus
606 3333 732 3397 evenire
749 3331 954 3418 perspicuum
969 3346 1028 3398 est.
1074 3335 1225 3401 Continet

161 3473 167 3485 ι
269 3436 353 3498 enim
365 3450 464 3500 artem
482 3435 732 3510 demonstrandi,
745 3458 820 3523 quoe
831 3458 899 3521 prae
913 3435 1037 3500 coeteris
1047 3437 1225 3503 rationibus

269 3537 456 3615 disserendi,
470 3536 572 3601 ardua
587 3550 645 3602 est.
691 3538 816 3603 Deinde
831 3539 900 3603 boec
920 3538 1079 3604 utentium
1096 3541 1225 3606 raritate

264 3640 332 3726 jam
348 3639 415 3704 iere
436 3640 468 3703 in
491 3639 734 3706 desuetudinem
759 3641 850 3718 abiit,
865 3641 1005 3728 eoquod
1029 3642 1225 3710 demonstra-

271 3740 366 3806 tionis
388 3765 478 3822 usus,
494 3743 547 3806 vix
571 3743 657 3829 apud
680 3743 764 3808 solos
785 3745 1030 3810 Mathematicus
1049 3759 1121 3822 est;
1147 3761 1178 3812 et
1193 3747 1223 3811 iu

269 3844 319 3909 his
344 3845 422 3922 sere,
447 3845 533 3931 apud
561 3849 750 3911 Geometras
774 3847 953 3914 duntaxat:
987 3847 1043 3912 sed
1070 3863 1104 3914 et
1127 3850 1225 3936 hujus

271 3968 401 4034 quoque
427 3946 604 4033 disciplinae
626 3968 689 4012 non
713 3960 762 4013 est
784 3947 916 4013 celebris
940 3970 1016 4014 usus
1041 3950 1131 4036 apud
1157 3972 1224 4027 nos,

270 4050 330 4115 nisi
346 4051 428 4114 sorte
439 4050 471 4113 in
488 4062 593 4113 tractu
611 4050 707 4114 ibero
722 4049 772 4114 vel
783 4049 920 4115 confinio
932 4052 1065 4117 Africae.
1096 4054 1225 4118 Etenim

269 4168 382 4239 gentes
397 4154 478 4229 istae,
496 4150 711 4217 Astronomiae
725 4172 821 4215 causa
836 4154 1053 4218 Geometriam
1074 4166 1224 4220 exercent

269 4279 337 4342 prae
351 4255 490 4320 coeteris:
519 4254 664 4319 similiter
683 4258 856 4340 AEgyptus,
872 4269 905 4319 et
926 4256 1090 4322 nonnullas
1110 4271 1223 4342 gentes

269 4359 409 4422 Arabim.
457 4356 511 4420 Ad
534 4356 614 4434 hoec,
633 4355 711 4420 liber
731 4378 796 4441 quo
811 4355 1065 4423 demonstrativa
1087 4358 1226 4425 traditur

265 4456 442 4544 disciplina,
465 4457 587 4522 coeteris
611 4457 702 4542 longe
725 4458 885 4523 turbatior
907 4473 966 4537 est,
991 4475 1023 4525 et
1048 4463 1224 4548 transposi-
